3029 3669
1426 72 1504 120 {M

216 217 361 267 duco.
447 217 696 283 fingamus
759 217 810 266 in
869 216 1146 282 archetypo
1210 217 1282 265 sic
1343 216 1657 266 distributum
1720 217 1896 277 fuisse,
1959 226 2014 268 ut
2073 219 2450 270 continerentur
2509 220 2561 269 in
2613 219 2736 270 folio

215 302 363 371 buius
400 302 588 366 elegiae
1560 300 1623 348 l-'b
1664 319 1836 350 versus
1871 302 1904 350 1
1942 311 1991 350 et
2026 303 2071 361 2,

765 435 767 438 Α
841 384 929 436 Ila
1000 404 1046 435 v.
1099 386 1246 445 3-8‚
1409 391 1418 405 '
1538 384 1629 437 llb
1667 387 1831 434 9-14

818 470 933 519 Illa
1004 510 1031 530 ,,
1102 472 1315 532 39-44,
1521 470 1589 520 III
1608 471 1641 519 b·
1671 474 1871 520 45-50

817 556 932 604 IVa
1003 595 1030 615 ‚‚
1100 560 1314 615 51-56,
1517 557 1584 605 IV
1607 558 1633 604 b
1671 558 1732 604 ¹71
1771 575 1839 621 sq.
1877 561 1941 605 69
1978 576 2048 622 sq.

845 639 934 687 Va
1003 680 1030 701 ,‚
1099 642 1313 705 21-26,
1539 640 1585 688 V
1607 642 1633 688 b
1671 643 1871 689 15—20

822 725 934 773 Vla
1006 764 1038 786 ,,
1104 726 1316 785 27-32,
1524 724 1589 773 VI
1611 726 1636 772 b
1676 727 1874 774 33—38

795 810 935 857 Vlla
1002 848 1028 870 ‚‚
1100 812 1314 871 73—78,
1498 810 1637 860 Vllb
1675 812 1870 861 79—84

775 895 936 942 Vllla
1006 932 1032 955 ‚‚
1103 897 1316 956 57-62,
1477 895 1635 944 VIIIb
1670 898 1884 964 63268,

214 981 407 1028 conicio
440 981 571 1028 enim
609 980 657 1027 in
696 996 854 1027 vacua
889 981 1056 1048 nescio
1094 996 1192 1043 quo
1230 996 1347 1028 casu
1385 980 1489 1028 folii
1528 978 1594 1028 1V
1634 981 1815 1046 pagina
1850 981 2006 1030 altera
2042 998 2166 1046 quae
2204 981 2306 1031 suis
2343 981 2469 1031 locis
2503 982 2734 1047 neglecta

215 1073 384 1112 essent
435 1065 647 1118 disticha
693 1064 792 1111 duo
832 1065 891 1111 71
933 1082 1004 1129 sq.
1044 1066 1107 1111 69
1153 1082 1222 1128 sq.
1272 1080 1333 1111 ex
1381 1064 1590 1114 diversis
1639 1064 1843 1114 sedibus
1894 1066 2112 1130 reposita
2164 1066 2333 1114 fuisse.
2405 1065 2529 1114 haec
2565 1074 2731 1114 autem

214 1160 391 1215 postea
416 1151 614 1198 turbato
644 1151 818 1198 ordine
856 1152 925 1198 sic
950 1141 1162 1215 possunt
1195 1167 1248 1198 se
1276 1150 1554 1214 excepisse:
1596 1149 1673 1197 lb.
1712 1145 1754 1197 11
1770 1166 1814 1198 a.
1841 1151 1881 1199 Ι).
1921 1149 2016 1199 Vb.
2043 1168 2087 1199 a.
2130 1149 2253 1199 Via.
2280 1151 2320 1199 b.
2361 1149 2430 1199 111
2447 1167 2492 1200 a.
2520 1151 2560 1199 b.
2597 1150 2666 1199 IV
2685 1169 2730 1199 α.

214 1234 332 1282 VIII
349 1251 393 1283 α.
408 1233 530 1284 I).VI
538 1234 612 1283 Ia.
628 1235 669 1284 b.
697 1251 815 1299 ergo
838 1235 877 1283 si
896 1243 1028 1283 recte
1040 1233 1340 1283 Ritschelius
1356 1235 1514 1298 quarti
1529 1234 1761 1283 carminis
1779 1242 1970 1283 textum
1994 1236 2220 1290 restituit,
2241 1236 2441 1284 inversa
2459 1243 2577 1284 sunt
2595 1236 2734 1299 paria

214 1320 448 1367 foliorum
496 1319 590 1371 tria
635 1319 916 1382 anteposito
964 1319 1164 1366 binione
1205 1317 1248 1366 V
1286 1329 1336 1368 et
1370 1317 1437 1367 Vl
1486 1320 1627 1369 alteri
1666 1319 1730 1367 Ill
1771 1331 1820 1368 et
1856 1319 1940 1378 IV,
1988 1321 2133 1369 simul
2183 1330 2348 1369 autem
2394 1322 2589 1384 paginis
2625 1320 2731 1368 folii

219 1402 265 1452 V
299 1404 524 1463 inversis,
563 1403 775 1467 denique
814 1404 940 1452 locis
968 1404 1197 1451 foliorum
1238 1402 1330 1451 Vll
1364 1413 1413 1452 et
1439 1402 1554 1451 VIII
1592 1406 1923 1453 commutatis.
1972 1416 2230 1468 praeterea
2264 1406 2313 1452 in
2351 1405 2732 1453 transcribendo

217 1488 388 1535 codice
427 1489 656 1535 librarius
693 1504 755 1535 ex
796 1489 976 1552 pagina
1003 1487 1110 1535 IVI)
1150 1506 1249 1536 non
1276 1505 1451 1537 versus
1477 1497 1671 1537 tantum
1708 1492 1773 1536 Ge
1795 1506 1863 1553 sq.
1892 1498 1943 1538 ut
1981 1490 2135 1553 signis
2172 1490 2333 1537 iussus
2370 1497 2476 1538 erat
2507 1488 2736 1537 adiunxit

216 1572 280 1620 ad
318 1575 405 1632 68,
445 1573 532 1620 sed
569 1573 717 1620 etiam
757 1574 837 1635 qui
875 1590 1074 1620 versum
1111 1575 1174 1619 56
1213 1573 1354 1636 sequi
1390 1572 1642 1620 debebant
1679 1574 1738 1619 71
1779 1591 1846 1636 sq.
1918 1574 2005 1621 sed
2044 1574 2165 1621 haec
2212 1590 2357 1636 quam
2404 1573 2734 1637 probabiliter

216 1658 332 1706 ficta
386 1658 485 1707 sint
538 1657 704 1706 videat
758 1656 1078 1717 Rstschelius,
1139 1658 1218 1720 qui
1276 1657 1596 1721 multiplicem
1629 1659 1833 1716 ,erroris
1886 1659 2017 1706 viam
2073 1678 2180 1706 esse
2234 1657 2339 1721 ipse
2393 1658 2734 1721 praemonuit:

217 1751 419 1791 nostrae
466 1742 663 1791 interim
711 1742 897 1805 elegiae
944 1742 1186 1800 rationes,
1238 1743 1470 1805 quoniam
1516 1743 1678 1805 prima
1720 1744 1767 1790 in
1816 1743 1986 1791 codice
2024 1744 2251 1802 extabat,
2305 1761 2408 1790 non
2447 1741 2670 1806 pendent
2706 1760 2736 1789 a.

204 1838 497 1886 ‚ceterarum
537 1829 664 1886 fatis,
701 1845 824 1890 quae
862 1828 1024 1890 qualia
1059 1830 1240 1874 fuerint
1278 1830 1488 1874 tortasse
1525 1828 1621 1874 alia
1658 1828 1775 1874 data
1811 1830 2072 1875 occasione
2112 1844 2477 1892 persequemur.

443 1912 668 1971 Interim,
715 1930 777 1958 ne
823 1911 938 1975 quid
988 1913 1147 1959 bonae
1187 1913 1385 1959 chartae
1432 1924 1619 1976 pereat,
1674 1913 1963 1960 brevissime
2010 1913 2070 1960 de
2121 1914 2278 1960 altero
2326 1908 2733 1977 transpositionis

219 1999 449 2061 exemplo
488 1998 729 2045 disseram
769 1997 881 2043 Pro
899 1998 1198 2060 pertiano.
1270 1997 1359 2045 Est
1405 1999 1541 2045 locus
1587 2015 1683 2062 quo
1724 1998 1994 2063 Vergiliani
2040 1999 2223 2063 ingenii
2268 1999 2443 2046 laudes
2488 2007 2735 2045 canuntur

218 2085 267 2130 in
307 2085 578 2148 elegiarum
617 2083 684 2129 111
719 2083 807 2145 (ll)
846 2084 927 2142 34,
968 2100 1010 2130 v.
1036 2084 1098 2130 61
1127 2100 1244 2147 sqq„
1282 2084 1331 2131 in
1367 2099 1474 2130 eam
1511 2083 1686 2131 exiens
1719 2085 2031 2142 sententiam,
2071 2097 2125 2131 ut
2160 2100 2222 2131 ne
2261 2082 2499 2131 Aeneidis
2535 2082 2733 2146 quidem

220 2168 443 2216 sublimis
482 2168 727 2231 poematis
765 2181 928 2215 vatem
969 2168 1030 2215 ab
1069 2169 1293 2216 amatorii
1333 2169 1526 2232 generis
1562 2169 1768 2217 lascivia
1793 2187 1994 2233 prorsus
2021 2170 2292 2215 abhorrere
2324 2178 2599 2228 moneatur,
2633 2186 2732 2231 quo

222 2254 453 2317 exemplo
493 2271 609 2318 prae
651 2254 827 2301 ceteris
865 2254 1040 2301 illustri
1078 2271 1218 2301 suam
1256 2271 1450 2316 quoque
1483 2254 1658 2316 poesin
1695 2253 1984 2318 Propertius
2026 2254 2363 2301 commendari
2403 2254 2571 2301 voluit.
2643 2252 2733 2300 sed

219 2348 418 2401 praeter
454 2339 638 2386 ‘maius'
678 2338 799 2387 illud
834 2337 1016 2387 ‘Iliade'
1066 2357 1191 2399 opus
1240 2341 1305 2399 (v.
1342 2340 1560 2397 61—66)
1609 2349 1658 2385 et
1704 2341 1949 2397 bucolica,
2002 2341 2247 2385 hilarioris
2295 2340 2392 2385 stili
2430 2338 2734 2384 documenta

218 2427 282 2485 (v.
320 2425 555 2486 67--76)‚
611 2442 697 2470 cur
739 2424 942 2470 tandem
985 2425 1132 2469 tertio
1178 2426 1288 2470 loco
1327 2426 1558 2487 georgica
1600 2430 1668 2485 (v.
1708 2427 1766 2470 77
1807 2429 1898 2488 sq.)
1953 2437 2001 2472 et
2057 2426 2117 2471 de
2173 2441 2317 2471 aureo
2374 2425 2572 2471 saeculo
2610 2424 2732 2470 vati-

217 2510 399 2556 cinium
440 2510 664 2571 eclogam
704 2508 770 2554 IV
810 2516 877 2570 (v.
917 2511 977 2555 79
1017 2512 1109 2572 sq.)
1146 2510 1214 2554 ita
1245 2518 1624 2569 commemorat,
1679 2527 1780 2556 non
1836 2521 1889 2557 ut
1942 2511 2191 2556 levitatem
2247 2510 2397 2555 ullam
2452 2508 2733 2572 argumenti

217 2603 373 2653 notet,
410 2594 498 2640 sed
534 2593 741 2643 Hesiodi
779 2594 876 2641 illis
914 2604 1059 2657 atque
1097 2594 1191 2640 hoc
1214 2594 1458 2656 Apollinis
1495 2594 1648 2656 ipsius
1687 2606 1842 2641 artem
1881 2594 2168 2641 adsecutum
2202 2603 2401 2657 poetam
2427 2592 2732 2641 admiretur?

219 2678 393 2741 hisque
427 2678 546 2742 ipsis
584 2695 680 2741 qua
717 2686 881 2725 mente
934 2678 1197 2724 subiuncta
1242 2677 1525 2740 putabimus
1566 2679 1629 2739 (v.
1667 2680 1724 2724 81
1768 2681 1860 2741 sq.)
1899 2679 2074 2742 quibus
2111 2678 2375 2725 adseverat
2408 2679 2525 2725 ‘non
2562 2678 2733 2725 tamm‘

218 2764 413 2828 ingrata
449 2763 597 2822 haec,
653 2763 831 2826 quibus
869 2763 1056 2810 scilicet
1095 2763 1368 2810 Ascraeum
1418 2770 1616 2826 poet-am
1672 2772 1721 2810 et.
1773 2762 2041 2828 Cynthium
2097 2764 2385 2825 aequaverit
2430 2760 2597 2821 Maro,
2644 2761 2732 2809 ulli

216 2849 340 2908 fore,
388 2849 508 2896 ‘sive
547 2849 595 2895 in
634 2865 803 2896 amore
840 2847 975 2896 rudis
1026 2849 1130 2896 sive
1167 2849 1354 2912 peritus
1393 2847 1526 2895 erit'?
1581 2850 1719 2911 quasi
1763 2849 1966 2896 omnino
2004 2864 2201 2895 amores
2250 2848 2299 2895 in
2352 2847 2449 2895 illis
2504 2846 2730 2893 carmini·

217 2935 312 2983 bus
348 2943 693 2982 tractarentur.
756 2944 862 2982 tum
899 2953 1018 2983 vero
1057 2935 1188 2998 quod
1228 2935 1448 2999 sequitur
1483 2933 1729 2982 distichon
1769 2940 1831 2996 (v.
1870 2938 1932 2982 83
1973 2939 2062 2998 sq.)
2105 2936 2203 2980 ‘nee
2238 2934 2393 2981 minor
2429 2933 2503 2980 hic
2539 2932 2730 2992 animis,

218 3029 301 3068 aut
358 3021 402 3067 si
452 3020 621 3080 mirmr,
680 3038 757 3068 ore-
817 3038 1020 3070 ‹zanorus
1083 3020 1278 3069 Anseris
1339 3019 1518 3067 indocta
1580 3020 1789 3067 caruitne
1844 3020 1976 3067 ress-it
2028 3019 2136 3066 alor’
2191 3018 2316 3066 adeo
2370 3035 2472 3065 non
2541 3017 2730 3078 intelle·

218 3114 401 3154 xerunt
436 3102 665 3154 homines
712 3103 869 3165 docti,
927 3114 977 3153 ut
1023 3114 1068 3153 et
1115 3104 1426 3154 coniectandi
1473 3113 1522 3153 et
1564 3104 1919 3168 interpretandi
1970 3104 2314 3153 conaminibus
2364 3103 2514 3152 variis
2551 3103 2731 3152 misere

220 3190 531 3238 vexa-verint.
601 3207 772 3239 veram
810 3191 940 3239 viam
980 3191 1119 3254 quasi
1158 3208 1244 3254 per
1281 3190 1488 3238 nebulas
1526 3190 1744 3253 dispexit
1780 3191 1897 3238 olim
1935 3189 2296 3238 Lachmannus
2323 3206 2434 3238 cum
2471 3190 2732 3251 transponi

220 3284 332 3339 post
369 3291 410 3321 v.
429 3275 493 3321 66
531 3291 576 3322 v.
604 3275 667 3321 83
694 3292 763 3342 sq.
801 3276 1015 3324 iuberet:
1054 3275 1143 3324 sed
1179 3293 1270 3323 nec
1306 3275 1581 3323 sententiae
1619 3275 1859 3324 satisfecit
1894 3291 1985 3323 nec
2023 3291 2223 3323 causam
2248 3275 2504 3323 turbarum
2540 3274 2733 3338 aperuit

220 3360 446 3424 quamvis
481 3369 582 3407 tam
622 3362 932 3425 perspicuam
970 3370 1022 3409 ut
1054 3361 1225 3409 oculos
1269 3361 1523 3424 percutiat.
1595 3361 1834 3425 incipiunt
1879 3361 2110 3408 nimirum
2145 3370 2247 3422 tam
2285 3359 2548 3406 bucolicon
2585 3374 2732 3421 quam

219 3445 491 3508 georgicon
542 3444 715 3493 laudes
761 3446 949 3493 eisdem
998 3445 1164 3493 verbis
1200 3445 1262 3491 ‘tu
1299 3444 1444 3492 canis*
1491 3447 1559 3509 (v.
1596 3447 1673 3492 67.
1713 3445 1813 3504 77),
1862 3460 1959 3507 quo
2005 3444 2188 3491 factum
2239 3452 2313 3490 est
2350 3452 2403 3489 ut
2438 3443 2667 3489 librarius
2705 3459 2735 3489 a
