3029 3669
1542 67 1574 115 8

288 213 389 262 iam
427 212 550 261 illud
597 220 674 261 est
719 213 857 277 quod
902 229 1025 261 mox
1073 214 1194 261 dicit
1229 221 1523 261 contentum
1558 212 1732 261 vivere
1776 227 1936 275 parvo
1983 219 2033 260 et
2068 211 2352 275 composito
2384 226 2614 260 securum
2652 225 2834 258 acervo

290 297 550 361 despicere
603 296 757 357 dites,
819 286 1080 361 despicere
1134 299 1335 346 famem.
1422 296 1503 344 hic
1541 292 1679 346 vvide
1737 296 1860 344 mihi
1915 312 2063 360 quam
2118 295 2325 360 pulchre
2385 296 2627 344 inferatur
2673 295 2836 343 acrior

291 381 529 431 desiderii
567 382 867 446 significatio
904 383 1014 430 fore
1051 391 1106 431 ut
1141 382 1346 430 tandem
1384 380 1653 445 aliquando
1691 380 1842 429 nullis
1877 380 2141 429 lacessitus
2172 380 2366 438 officiis,
2405 380 2569 444 qualia
2603 380 2688 427 illo
2725 380 2834 442 ipso

288 473 520 530 tempore
567 465 853 515 Messallam
891 484 1067 516 rursus
1113 466 1517 532 expostulavisse
1549 483 1598 514 v.
1642 467 1708 512 53
1745 482 1811 529 sq.
1860 464 2118 525 docemur,
2161 482 2342 514 vacare
2385 465 2448 514 ab
2485 463 2745 514 itineribus
2786 472 2836 512 et

291 551 397 599 otio
434 551 530 599 frui
568 552 741 616 possit.
814 568 935 618 ergo
973 553 1054 601 hic
1090 552 1458 615 interponimus
1493 567 1539 598 v.
1578 551 1791 597 25—28.
1831 550 1857 597 7
1897 567 1969 614 sq.
2007 549 2231 598 29-34:

788 636 887 684 iam
924 636 1080 685 modo
1116 638 1215 684 iam
1252 637 1441 701 possim
1479 642 1747 684 contentus
1784 635 1955 682 vivere
1993 651 2149 697 parvo

920 738 1015 768 nec
1053 737 1253 784 semper
1288 722 1470 784 longae
1507 719 1707 767 deditus
1747 735 1856 766 esse
1895 719 2005 765 viae
2045 735 2086 766 e.
2124 735 2168 781 q.
2206 736 2243 765 s.

293 804 375 851 vel
423 804 463 851 si
512 805 622 867 quis
670 804 884 868 probata
919 805 1162 851 librorum
1211 820 1260 851 ee
1311 805 1556 868 scriptura
1612 818 1740 850 nunc
1791 803 1913 850 velit
1958 802 2019 849 ad
2067 802 2309 867 Lygdami
2362 804 2647 868 exemplum
2686 819 2836 867 supra

293 888 554 936 laudatum
605 889 695 951 (ΙΙΙ
733 893 790 949 4,
837 889 925 951 82)
970 889 1120 952 paulo
1159 889 1367 937 fortiore
1403 888 1653 937 medicina
1689 888 1782 935 uti:

855 990 886 1021 a
922 974 1060 1022 modo
1099 991 1225 1022 nunc
1251 975 1438 1037 possim
1475 993 1516 1022 e.
1554 991 1599 1037 q.
1636 991 1675 1021 s.

523 1058 753 1106 Vidimus
789 1060 1340 1122 supra-sententiarum
1374 1059 1601 1108 ordinem
1640 1059 1760 1107 satis
1797 1059 1925 1106 bene
1962 1058 2257 1122 procedere,
2306 1059 2346 1106 si
2395 1058 2610 1106 disticho
2656 1059 2724 1105 illi
2772 1058 2833 1106 de

293 1144 526 1191 arcendis
563 1144 756 1191 furibus
793 1145 1021 1208 lupisque
1060 1149 1127 1205 (v.
1167 1146 1230 1191 33
1268 1147 1362 1208 sq.)
1399 1144 1730 1192 adnectantur
1767 1144 1850 1190 illa
1885 1145 2016 1191 ‘nam
2054 1146 2282 1192 veneror’
2321 1161 2360 1191 e.
2399 1161 2443 1206 q.
2471 1161 2507 1191 s.
2555 1161 2600 1191 v.
2640 1146 2696 1190 11
2727 1161 2832 1207 sqq.

291 1246 407 1277 nam
448 1237 563 1293 post
599 1228 923 1276 adumbratas
960 1229 1175 1277 rusticae
1213 1230 1345 1276 vitae
1383 1230 1609 1289 delicias,
1647 1246 1772 1292 quae
1805 1229 2017 1276 modicis
2054 1229 2311 1277 laboribus
2349 1228 2645 1293 quibusdam
2685 1229 2832 1276 etiam

292 1322 593 1378 augeantur,
643 1313 979 1361 conveniebat
1025 1314 1260 1377 pietatem
1312 1331 1431 1379 erga
1473 1314 1597 1363 deos
1634 1324 1857 1378 agrestes
1897 1314 2146 1377 profiteri,
2195 1332 2291 1378 qua
2326 1315 2462 1362 bona
2516 1332 2686 1361 eorum
2735 1331 2833 1361 me-

292 1406 502 1447 reretur.
574 1398 661 1446 sed
695 1407 887 1446 restant
925 1398 1142 1458 Lares,
1189 1399 1370 1463 quibus
1417 1408 1645 1447 extremo
1683 1400 1795 1445 loco
1833 1416 1878 1444 v.
1919 1400 2116 1445 21—24
2155 1415 2246 1445 sua
2281 1415 2491 1445 munera
2523 1399 2674 1445 variis
2710 1407 2832 1444 tem·

292 1484 501 1547 poribus
540 1483 710 1530 oblata
745 1483 1005 1546 promittit.
1074 1484 1280 1529 remotis
1318 1493 1485 1530 autem
1524 1483 1638 1530 hinc
1673 1482 1999 1545 sequent-ibus
2042 1499 2121 1528 vv.
2156 1484 2353 1528 25—34
2392 1483 2586 1528 illorum
2635 1483 2833 1529 invoca-

291 1567 419 1616 tioni
473 1568 536 1613 ‘io
590 1584 782 1614 messes
846 1576 895 1613 et·
950 1567 1083 1613 bona
1140 1567 1257 1614 vina
1311 1567 1471 1615 datel'
1519 1572 1585 1630 (v.
1621 1568 1706 1627 24)
1777 1565 1999 1630 Scaliger
2050 1568 2236 1631 optime
2298 1568 2523 1615 adiunxit
2584 1567 2832 1614 distichon

294 1669 339 1700 v.
378 1654 440 1699 35
482 1670 585 1716 sq.:

860 1737 1049 1796 adsitis,
1086 1737 1203 1797 divi,
1241 1755 1333 1786 nec
1373 1755 1465 1792 vos
1500 1754 1525 1785 e
1562 1754 1779 1802 paupere
1817 1754 1992 1785 mensa

996 1823 1130 1871 dona
1168 1840 1260 1872 nec
1299 1841 1325 1871 e
1363 1823 1501 1886 puris
1538 1825 1757 1887 spernite
1796 1825 2047 1872 fictilibus.

296 1925 422 1973 quae
459 1924 562 1956 non
603 1917 656 1956 ut
694 1908 847 1956 ceteri
885 1907 955 1956 sic
992 1907 1315 1972 interpretor,
1336 1919 1391 1956 ut
1426 1919 1540 1973 post
1576 1911 1885 1974 singulorum
1925 1908 2134 1956 deorum
2161 1909 2691 1956 commemorationem
2729 1910 2833 1955 uni·

294 2010 473 2041 versos
500 1991 562 2040 ad
590 1992 745 2055 dapes
772 1993 971 2040 invitari
999 2003 1230 2052 statuam,
1269 1994 1356 2040 sed
1394 1994 1457 2041 ad
1484 1995 1621 2042 solos
1647 1994 1799 2041 Lares
1836 1993 2101 2041 referenda
2138 2010 2336 2040 censeo,
2391 1994 2467 2040 his
2506 1995 2635 2040 enim
2665 2003 2718 2041 ut
2742 1994 2832 2041 ‘dis

293 2077 539 2142 propitiis’
588 2094 700 2124 cum
749 2076 811 2125 de
857 2094 1032 2125 mensa
1081 2079 1319 2125 libamina
1364 2079 1413 2125 in
1452 2078 1647 2143 patellis
1684 2078 1864 2127 deferri
1903 2078 2147 2134 solerent,
2192 2086 2247 2125 ut
2284 2088 2480 2125 constat
2518 2080 2683 2126 Ovidii
2722 2082 2831 2127 fast.

294 2162 337 2210 ll
377 2163 470 2211 631
511 2163 577 2210 ‘et
612 2162 763 2208 libate
801 2160 970 2225 dapes.
1034 2172 1089 2209 ut
1125 2165 1252 2227 grati
1293 2164 1471 2228 pignus
1510 2163 1717 2213 honoris
1754 2162 1952 2212 Nutriat
1988 2163 2233 2210 incinctos
2269 2165 2421 2210 inissa
2457 2166 2640 2227 patella
2668 2165 2836 2212 Lares'

291 2254 564 2310 praecepto
602 2247 683 2305 (cf.
724 2246 966 2295 Varronis
1005 2249 1054 2294 in
1094 2257 1264 2295 satura
1299 2247 1466 2296 Manio
1504 2248 1705 2295 fr.V111
1747 2247 1841 2309 R.)‚
1874 2266 1936 2296 ne
1976 2250 2084 2296 aliis
2120 2249 2423 2298 testimoniis
2461 2258 2537 2297 sat
2572 2249 2704 2296 notis
2742 2250 2831 2297 has

293 2330 494 2378 chartas
531 2346 753 2391 onerem,
791 2331 979 2393 optime
1014 2341 1190 2379 nostro
1228 2334 1340 2380 loco
1374 2334 1526 2381 Lares
1563 2335 1877 2397 potissimum
1916 2333 2050 2380 dona
2087 2350 2113 2381 e
2151 2351 2370 2397 paupere
2410 2351 2583 2381 mensa
2628 2344 2674 2382 et
2710 2336 2832 2382 ficti-

293 2416 426 2464 libus
470 2415 640 2463 oblata
685 2433 748 2463 ne
797 2426 1038 2480 spernant
1076 2418 1326 2465 iubentur.
1407 2418 1586 2482 quodsi
1634 2419 1711 2466 his
1757 2420 1971 2484 quinque
2020 2419 2234 2467 disticha
2287 2437 2331 2467 v.
2370 2420 2583 2467 19—24.
2634 2423 2832 2468 37—40

293 2512 430 2550 recte
467 2500 858 2562 vindicavimus,
904 2503 1215 2566 respondent
1262 2505 1333 2552 eis
1371 2504 1569 2568 singula
1605 2505 1820 2570 quinque
1875 2505 2163 2553 numinibus
2206 2503 2443 2554 Termino
2483 2505 2587 2554 Pali
2625 2506 2830 2555 Silvano

295 2585 465 2635 Cereri
515 2585 699 2651 Priapo
747 2587 947 2636 tributa.
1020 2589 1322 2653 reliquarum
1370 2591 1585 2654 partium
1629 2607 1893 2651 numeros,
1941 2593 2109 2639 varios
2158 2591 2271 2639 illos
2317 2591 2515 2655 quidem
2555 2600 2604 2639 et
2640 2600 2831 2640 attento

295 2672 471 2719 lectori
526 2672 698 2719 faciles
736 2672 798 2718 ad
850 2673 1278 2735 cognoscendum,
1330 2674 1409 2722 hic
1458 2683 1663 2723 enotare
1719 2677 2140 2740 praetermittam:
2195 2675 2284 2724 sed
2337 2683 2392 2723 ut
2446 2676 2679 2724 omnibus
2732 2677 2829 2723 iam

295 2757 577 2820 promptius
615 2756 851 2805 iudicium
908 2758 972 2804 sit
1027 2758 1208 2820 ecquid
1247 2760 1491 2807 machinis
1528 2761 1713 2807 nostris
1750 2761 1873 2807 lucri
1912 2761 2201 2818 fecerimus,
2256 2760 2306 2807 in
2342 2769 2569 2806 nostrum
2603 2761 2830 2808 ordinem

292 2840 529 2889 redactos
587 2840 917 2904 quadraginta
976 2842 1123 2888 huius
1178 2843 1367 2907 elegiae
1423 2860 1602 2892 versus
1650 2844 1844 2908 priores
1896 2844 1976 2891 hic
2029 2843 2389 2892 describendos
2454 2846 2637 2893 curavi.
2718 2853 2834 2893 sunt

292 2932 462 2972 autem
500 2923 578 2973 hi:

680 3009 892 3057 Divitias
932 3012 1058 3059 alius
1098 3013 1236 3060 fulvo
1274 3013 1368 3060 sibi
1406 3022 1646 3076 congerat
1682 3030 1804 3061 auro

793 3102 843 3142 et
877 3104 1049 3142 teneat
1084 3097 1204 3142 culti
1240 3097 1412 3160 iugera
1446 3098 1604 3145 inulta
1640 3097 1749 3156 soli,

677 3194 825 3240 quem
861 3179 1007 3225 labor
1041 3180 1272 3228 assiduus
1308 3181 1474 3228 vicino
1509 3187 1697 3229 terreat
1732 3180 1893 3240 hoste,

804 3261 983 3310 Martia
1018 3265 1098 3312 cui
1135 3281 1344 3314 somnos
1380 3266 1590 3314 classica
1626 3265 1770 3329 pulsa
1806 3267 2005 3329 fugent:

680 3363 760 3395 me
798 3364 915 3396 mea
950 3357 1219 3415 paupertas
1256 3350 1361 3399 vita
1391 3350 1622 3400 traducat
1657 3351 1819 3411 inerti,
2306 3356 2336 3401 5

805 3432 924 3482 dum
961 3451 1105 3483 meus
1141 3435 1344 3485 assiduo
1381 3437 1547 3486 luceat
1581 3438 1696 3501 igne
1733 3438 1915 3497 focus,
