3029 3669
1480 84 1511 127 5
1567 70 1569 72 ,

226 232 421 296 puellae
459 245 682 291 anusque
725 228 939 286 salaces,
984 228 1165 292 quibus
1210 229 1260 277 in
1305 230 1567 278 versiculis
1604 228 1826 293 Priapeis
1874 230 2045 278 multis
2090 230 2215 278 locis
2263 229 2538 279 inluditur?
2597 246 2758 295 apage

227 317 377 364 talem
416 313 769 362 contumeliam
808 330 838 359 a
873 312 1039 373 Delia,
1089 331 1229 378 quae,
1276 314 1505 379 quamvis
1539 323 1769 362 matrona
1806 317 2005 379 proprie
2047 315 2144 363 dici
2180 332 2282 363 non
2318 315 2552 379 potuerit,
2584 323 2755 364 tamen

227 419 321 450 nec
357 400 595 448 meretrix
629 399 723 446 fuit
758 405 808 446 et
844 398 930 445 illo
968 408 1104 446 certe
1141 399 1253 447 loco
1290 406 1428 448 casta
1464 408 1514 447 et
1547 399 1711 447 fidelis
1747 400 1907 447 amico
1945 399 2113 447 futura
2147 415 2258 448 esse
2293 401 2513 464 fingitur.
2572 417 2667 448 nec
2702 401 2755 447 in

229 483 434 534 secundi
462 483 574 532 libri
606 482 766 547 prima
795 482 955 547 elegia
984 499 1030 531 v.
1055 483 1118 530 36
1147 482 1277 530 inter
1296 481 1537 547 aqricolas
1565 481 1768 543 caelites,
1810 469 1990 547 quibus
2020 492 2073 532 ut
2105 485 2237 532 vitae
2257 485 2473 533 rusticae
2503 484 2758 548 magistris

230 569 447 618 carmine
467 563 557 616 suo
579 582 631 616 se
657 567 867 631 gratiam
887 566 1099 616 reddere
1126 566 1391 630 profitetur
1415 574 1579 630 poeta,
1615 564 1824 631 Priapus
1850 566 2112 616 habendus
2140 578 2230 626 est,
2267 570 2348 631 qui
2373 570 2508 633 fures
2533 587 2755 632 avesque

227 654 355 702 falce
390 652 634 717 minisque
671 642 958 700 deterrebat
994 669 1023 698 a
1058 651 1284 715 frugibus
1320 651 1699 714 segetibusque,
1736 652 1824 699 sed
1861 653 2050 699 nullam
2087 670 2258 699 earum
2296 654 2502 713 artium,
2539 670 2667 718 quae
2702 654 2755 700 in

230 736 553 800 sequentibus
607 745 987 792 enumerantur,
1053 738 1269 783 maiores
1331 736 1543 782 edocuit.
1639 755 1733 782 nec
1796 740 2001 782 omnino
2059 740 2296 801 ‘agricola
2359 739 2494 784 deus‘
2554 740 2757 803 proprie

230 820 557 886 appellandus
605 831 710 869 erat
755 820 1016 868 hortorum
1064 821 1376 884 potissimum
1431 831 1626 880 custos,
1686 841 1716 868 a
1763 841 1860 885 quo
1904 823 2102 869 colendi
2156 840 2305 887 agros
2353 833 2518 885 partes
2562 825 2756 870 alienae

230 917 384 955 erant.
454 925 570 954 nam
613 906 747 969 quod
794 905 926 968 apud
963 903 1200 952 Ovidium
1245 906 1370 953 trist.
1409 905 1427 951 1
1470 908 1543 966 10,
1589 907 1654 953 26
1689 907 1869 971 legitur
1906 909 1970 954 ‘et
2005 916 2055 954 te
2102 907 2412 968 ruricola,
2464 906 2757 972 Lampsace,

228 1002 336 1039 tuta
371 991 519 1051 deo‘,
556 991 726 1037 addito
763 992 953 1053 patriae
1001 993 1204 1038 nomine
1241 992 1304 1038 ab
1343 991 1479 1037 omni
1515 1007 1685 1038 errore
1722 1001 1920 1038 cautum
1960 1000 2049 1039 est.
2121 1008 2294 1040 verum
2333 991 2511 1040 Latino
2550 992 2759 1052 homini,

230 1077 311 1140 qui
350 1076 537 1140 patrios
590 1092 707 1140 prae
763 1076 942 1123 ceteris
996 1075 1119 1123 deos
1173 1075 1251 1139 pie
1289 1075 1454 1123 colere
1506 1075 1739 1136 debebat,
1791 1094 1892 1124 non
1930 1076 2207 1141 Lampsaco
2244 1076 2485 1127 advectus
2531 1078 2622 1126 iste
2668 1077 2758 1125 tali

230 1162 544 1226 potissimum
590 1162 796 1208 nomine
850 1161 1075 1224 inprimis
1125 1160 1366 1208 colendus
1414 1170 1543 1222 erat,
1588 1161 1679 1209 sed
1727 1163 1952 1225 profecto
1998 1164 2372 1226 antiquissimus
2409 1180 2466 1211 ac
2504 1163 2757 1227 popularis

229 1249 476 1294 ‘arvorum
538 1247 831 1310 pecorisque
899 1245 1035 1293 deus'
1089 1244 1416 1306 Silvanus,
1488 1247 1629 1294 cuius
1693 1255 1850 1295 totam
1913 1264 2001 1310 per
2065 1247 2259 1296 ltaliam
2326 1249 2465 1296 nullo
2519 1249 2569 1295 in
2637 1265 2760 1312 agro

231 1332 493 1379 sollemnia
529 1348 670 1379 sacra
703 1348 805 1377 non
851 1330 1078 1377 instituta
1114 1339 1254 1377 erant
1324 1332 1406 1391 (cf.
1444 1330 1716 1380 Gromatici
1763 1342 1960 1379 veteres
2010 1351 2051 1395 p.
2097 1334 2194 1379 302
2240 1332 2331 1395 L.).
2412 1333 2545 1379 hunc
2593 1333 2760 1395 igitur,

229 1433 332 1464 non
370 1416 520 1463 alium
559 1424 606 1462 et
642 1423 816 1462 nostro
856 1423 904 1462 et
940 1415 1096 1462 altero
1145 1415 1256 1461 loco
1302 1414 1345 1476 (l
1384 1418 1429 1475 5,
1468 1416 1552 1477 27)
1600 1425 1797 1464 veteres
1843 1418 2148 1465 intellexisse
2195 1425 2615 1477 consentaneum,
2661 1434 2755 1464 nee

230 1508 426 1566 poterat
473 1500 626 1565 patris
686 1500 984 1548 sanctissimi
1039 1500 1225 1547 mentio
1281 1499 1456 1549 deesse
1508 1501 1594 1549 ubi
1649 1502 1858 1566 exponit
1907 1516 2056 1566 poeta
2109 1520 2206 1567 qua
2252 1503 2494 1568 religione
2539 1503 2760 1567 agrestia·

230 1588 433 1634 numina
469 1597 752 1634 veneretur.

456 1673 722 1735 Aptissime
761 1679 927 1719 autem
964 1672 1225 1720 coniunxit
1260 1673 1490 1720 ‘tutorem
1528 1671 1733 1732 finium,‘
1772 1680 1825 1719 ut
1862 1672 1930 1720 ait
1967 1670 2206 1721 Horatius
2247 1672 2390 1736 epod.
2428 1674 2469 1732 2,
2508 1673 2585 1733 22,
2638 1690 2752 1720 eum

232 1758 327 1803 alio
350 1758 398 1804 in
424 1757 563 1804 Italia
584 1767 701 1804 nato
724 1765 772 1804 et
793 1774 820 1803 a
840 1757 1013 1820 primis
1040 1756 1154 1803 inde
1180 1757 1489 1820 temporibus
1525 1757 1664 1804 culto'
1698 1757 1900 1804 numine
1922 1756 2234 1817 Termino,
2273 1758 2334 1805 ad
2366 1775 2511 1821 quem
2531 1776 2577 1805 v.
2598 1759 2661 1805 11
2683 1775 2756 1819 sq.

786 1857 901 1888 nam
939 1857 1154 1887 veneror
1190 1857 1277 1888 seu
1316 1841 1468 1903 stipes
1503 1838 1658 1888 habet
1693 1839 1920 1889 desertus
1958 1841 2007 1888 in
2046 1842 2176 1904 agris

924 1943 1012 1972 seu
1049 1936 1193 1973 vetus
1225 1926 1275 1972 in
1311 1926 1458 1972 trivio
1491 1924 1650 1972 florea
1686 1935 1820 1973 serta
1855 1926 1979 1989 lapis

230 2012 477 2074 pertinere
514 2011 754 2074 probatur
789 2010 1054 2057 simillimis
1090 2009 1259 2056 Ovidii
1294 2011 1404 2056 fast.
1443 2009 1486 2055 11
1523 2013 1621 2056 639
1658 2027 1729 2073 sq.
1768 2011 1935 2057 verbis

789 2094 1037 2154 Termine,
1082 2096 1186 2142 sive
1224 2094 1348 2157 lapis
1386 2094 1490 2141 sive
1526 2111 1580 2142 es
1618 2095 1848 2143 defossus
1884 2096 1933 2142 in
1971 2112 2091 2158 agro

923 2180 1092 2241 stipes,
1130 2179 1192 2226 ab
1231 2179 1444 2241 antiquis
1479 2186 1532 2225 tu
1569 2196 1766 2243 quoque
1804 2196 1986 2225 numen
2026 2179 2180 2226 habes
2223 2196 2264 2225 e.
2302 2197 2344 2243 q.
2382 2197 2419 2226 s.

231 2274 376 2328 atque
414 2264 507 2312 hos
545 2263 694 2322 duos,
748 2263 1038 2311 Ter-minum
1085 2274 1135 2310 et
1166 2262 1446 2323 Silvanum,
1501 2281 1614 2310 cum
1662 2282 1692 2309 a
1726 2265 1903 2311 Latino
1942 2265 2159 2328 agricola
2195 2266 2394 2311 nemine
2446 2264 2644 2329 neglegi
2681 2263 2759 2311 fas

231 2360 383 2410 esset,
437 2350 706 2397 indicativo
759 2367 877 2397 usus
930 2351 1083 2396 sacris
1132 2367 1304 2397 eorum
1352 2367 1404 2396 se
1447 2350 1734 2396 satisfacere
1787 2358 1999 2396 testatur
2033 2349 2271 2397 Tibullus.
2352 2349 2548 2397 Cereris
2594 2349 2762 2397 cultus

230 2436 458 2482 dedicata
493 2435 616 2481 aede
654 2452 785 2480 anno
824 2434 1024 2480 demum
1062 2435 1271 2480 2581496
1310 2450 1373 2480 ex
1393 2433 1622 2493 Graecia,
1660 2433 1826 2497 Priapi
1864 2450 1926 2480 ex
1961 2434 2082 2481 Asia
2116 2433 2373 2497 provincia
2409 2431 2756 2481 Romanorum

229 2523 359 2567 facta
396 2520 607 2566 Romam
643 2520 915 2567 translatus
954 2528 1042 2566 est.
1114 2519 1190 2566 his
1237 2519 1387 2582 igitur
1430 2533 1554 2582 quos
1589 2518 1754 2565 minus
1791 2517 1942 2565 debet-
1978 2518 2195 2565 honores
2231 2527 2395 2565 tamen
2435 2524 2490 2565 ut
2525 2517 2755 2564 favorem

230 2622 403 2653 eorum
453 2605 545 2653 sibi
600 2604 831 2652 conciliet
885 2604 1130 2667 promittit
1184 2611 1343 2667 poeta.
1414 2602 1620 2651 honoris
1671 2610 1837 2650 autem
1892 2601 2073 2665 Priapo
2128 2601 2191 2649 ad
2243 2599 2593 2664 inpetrandum
2632 2597 2759 2648 ⁴eius

228 2691 530 2755 praesidium
567 2690 686 2738 satis
721 2690 814 2737 suit
839 2698 1002 2738 statua
1032 2689 1140 2754 ipsa
1165 2689 1214 2737 in
1251 2689 1409 2737 hortis
1435 2687 1686 2752 erigenda,
1724 2688 1803 2736 cui
1828 2705 2040 2736 coronas
2066 2705 2189 2735 uvas
2221 2704 2368 2751 poma
2395 2704 2497 2734 non
2523 2685 2759 2734 defutura

229 2776 381 2824 fuisse
417 2775 560 2823 facile
598 2775 885 2823 conicimus.

453 2859 590 2907 Haec
636 2859 786 2923 igitur
833 2858 895 2907 de
933 2858 1138 2907 Silvano
1187 2875 1278 2907 suo
1328 2858 1439 2906 loco
1483 2857 1812 2920 relinquenda
1859 2874 1967 2904 esse
2015 2873 2212 2903 censeo,
2283 2856 2371 2904 sed
2415 2873 2563 2919 quam
2599 2857 2754 2903 fuisse

230 2962 430 2994 causam
475 2945 720 3004 dicemus,
773 2963 859 2991 cur
907 2962 1032 3007 quac
1078 2943 1140 2991 ad
1188 2944 1400 2991 eundem
1450 2943 1762 3005 popularium
1809 2943 2067 3006 numinum
2117 2949 2315 2988 coetum
2361 2942 2576 3004 pertinet
2622 2941 2756 2986 alma

230 3029 424 3077 Pales
472 3047 574 3076 non
619 3030 697 3075 hic
734 3039 1235 3087 commemoraretur,
1283 3029 1371 3075 sed
1408 3028 1590 3074 multos
1628 3036 1741 3090 post
1778 3043 1952 3072 versus
1988 3027 2118 3072 infra
2152 3030 2220 3087 (v.
2258 3028 2319 3072 35
2358 3026 2484 3089 sq.)?
2530 3041 2627 3089 quo
2666 3041 2758 3073 cur

231 3115 434 3163 detrusa
486 3126 618 3162 esset
673 3124 722 3161 et
764 3107 980 3162 Haasius
1026 3133 1070 3178 p.
1109 3117 1170 3161 12
1205 3115 1388 3162 frustra
1428 3112 1671 3176 quaesivit
1708 3121 1756 3159 et
1802 3111 2155 3176 Bernhardyus
2192 3111 2420 3159 excusari
2465 3128 2568 3158 non
2605 3127 2755 3175 posse

232 3201 493 3249 concessit.
566 3202 919 3263 perspexitque
968 3202 1086 3247 olim
1123 3200 1345 3262 Scaliger
1381 3214 1489 3244 eam
1526 3214 1639 3243 cum
1677 3199 1903 3244 versibus
1941 3199 2140 3244 11—-14
2185 3196 2587 3262 coniungendam
2627 3212 2754 3258 esse,

232 3303 529 3349 quamquam
568 3285 702 3349 quod
752 3286 826 3333 his
875 3288 1165 3349 praeposuit
1208 3285 1406 3349 probari
1454 3300 1555 3330 non
1593 3291 1782 3346 potest,
1827 3284 1941 3346 quia
1976 3292 2083 3330 tota
2117 3284 2242 3331 haec
2280 3283 2341 3330 de
2374 3284 2507 3330 cultu
2545 3282 2755 3330 deorum

233 3371 502 3434 agrestium
547 3388 660 3434 pars
710 3371 878 3418 verbis
929 3371 1085 3417 ‘nam
1134 3370 1366 3417 veneror‘
1422 3367 1684 3415 exordium
1740 3369 1930 3432 cepisse
1988 3367 2186 3416 videtur
2231 3385 2260 3415 a
2308 3367 2559 3427 Termine,
2607 3384 2755 3430 quem

234 3454 491 3515 Silvanus,
529 3454 709 3503 deinde
749 3455 922 3516 Pales,
977 3457 1081 3504 sive
1119 3456 1227 3519 quis
1264 3455 1391 3501 hanc
1428 3452 1728 3518 praecedere
1765 3453 1930 3513 malet,
1968 3462 2080 3517 apte
2118 3454 2468 3518 sequebantur.
2539 3470 2656 3501 nam
2693 3452 2757 3501 de
