3029 3669
1436 87 1467 132 9

478 239 506 282 9
575 247 668 278 nec
707 229 832 294 Spes
869 229 1120 290 destituat,
1158 230 1247 279 sed
1283 232 1480 295 frugum
1517 248 1714 295 semper
1749 247 1958 279 acervos

701 314 939 379 praebeat
975 325 1025 363 et
1056 314 1205 379 pleno
1244 316 1448 381 pinguia
1482 300 1644 364 musta
1677 316 1803 364 lacu.

450 411 507 454 25
550 418 605 478 ‘a
636 400 789 450 modo
825 417 958 449 nunc
992 400 1178 464 possim
1216 409 1480 449 contentus
1515 401 1683 450 vivere
1721 417 1874 465 parvo

697 501 798 534 nec-
826 501 1023 549 semper
1058 486 1239 551 longae
1271 484 1468 534 deditus
1504 502 1613 535 esse
1650 486 1774 547 viae,
2151 486 2216 533 10

577 570 666 619 sed
703 570 840 618 canis
876 570 1095 618 aestivos
1132 581 1271 619 ortus
1311 571 1469 626 yit-are
1504 571 1599 618 sub
1634 571 1812 618 umbra

699 654 891 702 arboris
928 654 991 701 ad
1027 655 1163 702 rivos
1200 655 1562 721 praetereuntis
1592 655 1771 717 aquae!

481 749 506 790 7
576 738 681 803 ipse
719 755 881 786 seram
917 749 1116 787 teneras
1153 749 1349 787 maturo
1384 748 1609 804 tempore
1644 740 1768 787 vites

697 825 910 873 rusticus
947 836 995 873 et
1031 825 1162 873 facili
1198 824 1407 890 grandia
1441 842 1591 889 poma
1625 841 1800 886 manu3

447 919 535 987 29ae
572 925 665 956 nec
702 918 867 991 tffirynen
904 909 1152 986 inffldum
1191 909 1377 973 pudeat
1410 910 1629 958 tenuisse
1663 909 1891 958 bidentes
2149 910 2212 957 15

698 1005 782 1041 aut
819 995 1018 1043 stimulo
1054 994 1226 1043 tardos
1263 995 1565 1058 increpuisse
1604 996 1775 1054 boves,

570 1097 671 1127 non
711 1096 955 1144 agnamve
993 1079 1104 1126 sinu
1142 1079 1305 1143 pigeat
1341 1080 1558 1129 fetumve
1595 1081 1813 1144 capellae

694 1163 945 1211 desertum
986 1164 1142 1211 oblita
1176 1173 1334 1212 matre
1372 1166 1554 1213 referre
1591 1164 1811 1213 domum.

574 1257 624 1297 at
660 1266 753 1296 vos
789 1248 971 1312 exiguo
1009 1249 1191 1312 pecori,
1228 1250 1457 1313 furesque
1493 1251 1709 1314 lupique,

696 1334 906 1396 parcite:
945 1333 1005 1379 de
1045 1349 1226 1398 magno
1264 1346 1337 1380 est
1374 1333 1561 1397 praeda
1593 1334 1809 1397 petenda
1844 1351 2009 1398 grege.
2148 1333 2212 1380 20

449 1428 497 1468 11
571 1435 685 1495 neam
719 1434 933 1465 veneror
970 1434 1058 1465 seu
1095 1419 1248 1479 stipes
1285 1418 1435 1466 habet
1472 1418 1699 1466 desertus
1736 1418 1785 1465 in
1823 1418 1954 1482 agris

694 1519 779 1549 seu
819 1514 961 1550 vetus
998 1503 1045 1549 in
1083 1503 1231 1550 trivio
1269 1502 1425 1550 florea
1459 1512 1592 1550 serta
1627 1504 1766 1565 lapis.

448 1596 504 1638 35
572 1586 649 1652 hic
689 1604 781 1651 ego
821 1597 1169 1651 pastoremque
1208 1591 1371 1635 meum
1408 1588 1616 1636 lustrare
1655 1588 1921 1654 unQPiS

695 1681 742 1720 et
776 1672 1021 1737 placidam
1061 1674 1199 1721 soleo
1237 1691 1468 1739 spargere
1504 1674 1632 1722 lacte
1669 1672 1864 1734 Palem3

445 1768 498 1811 13
569 1768 618 1807 et
654 1759 998 1824 quodcumque
1036 1759 1155 1808 mihi
1194 1775 1395 1822 pomum
1430 1775 1592 1809 novus
1630 1758 1810 1808 educat
1846 1775 2005 1807 annus
2140 1757 2201 1804 25

692 1843 897 1892 libatum
937 1844 1205 1907 agricolam
1242 1845 1443 1908 ponitur
1477 1855 1591 1892 ante
1628 1844 1792 1891 deum.

568 1927 699 1977 flava
737 1927 903 1987 Cerea,
940 1928 1028 1976 tibi
1067 1929 1129 1976 sit
1164 1940 1337 1977 nost-ro
1375 1929 1435 1977 de
1470 1947 1584 1977 rure
1622 1947 1810 1977 corona

692 2014 871 2076 spicea,
908 2031 1031 2077 quae
1067 2014 1239 2078 templi
1277 2014 1489 2078 pendeat
1525 2025 1641 2062 ante
1677 2015 1834 2071 fores;

567 2099 885 2162 pomosisque
923 2100 1072 2146 ruber
1110 2111 1279 2147 custos
1316 2111 1527 2164 ponatur
1564 2102 1612 2147 in
1657 2101 1829 2159 hortis,

689 2193 875 2233 terreat
911 2196 965 2233 ut
1001 2201 1151 2234 saeva
1186 2185 1311 2234 falce
1349 2183 1556 2248 Priapus
1591 2201 1725 2233 aves.
2137 2181 2202 2228 30

566 2285 658 2316 vos
696 2286 908 2332 quoque,
945 2270 1104 2319 felicis
1139 2270 1389 2335 quondam
1427 2287 1559 2318 nunc
1595 2270 1829 2334 pauperis
1865 2270 1969 2334 agri

689 2355 937 2415 custodes,
969 2357 1109 2405 fertis
1145 2373 1351 2404 munera
1387 2363 1568 2416 vestra,
1605 2355 1769 2403 Lares.

439 2448 497 2490 20
565 2449 683 2488 tunc
721 2441 877 2489 vitula
911 2441 1201 2490 innumeros
1237 2442 1480 2506 lustrabat
1514 2458 1661 2490 caesa
1695 2442 1957 2490 iuvencos:

688 2543 820 2573 nunc
856 2543 986 2590 agna
1022 2527 1191 2590 exigui
1226 2536 1302 2574 est
1339 2527 1501 2573 hostia
1536 2543 1691 2590 parva
1727 2527 1833 2574 soli.

565 2627 691 2674 agna
730 2610 873 2659 cadet
910 2612 1071 2672 vobis,
1109 2628 1254 2675 quam
1293 2614 1474 2660 circum
1510 2613 1693 2660 rustica
1730 2611 1888 2675 pubes
2134 2610 2195 2656 35

439 2702 495 2746 24
683 2696 863 2744 clamet
898 2696 960 2743 ‘io
997 2713 1185 2744 messes
1224 2709 1272 2743 et
1308 2696 1441 2743 bona
1474 2697 1594 2743 vina
1628 2696 1790 2743 date!'

439 2787 493 2830 37
564 2777 751 2839 adsitis,
789 2780 905 2839 divi,
941 2797 1034 2828 nec
1070 2797 1162 2828 vos
1199 2797 1225 2828 e
1263 2797 1478 2845 paupere
1515 2797 1689 2828 mensa

687 2864 821 2912 dona
855 2882 947 2913 nec
985 2883 1011 2913 e
1048 2867 1184 2929 puris
1219 2866 1436 2930 spernite
1470 2865 1719 2913 fictilibus.

560 2948 730 2996 fictilia
765 2951 995 3012 antiquus
1033 2951 1245 3012 primum
1281 2949 1373 2997 sibi
1410 2950 1526 2996 fecit
1560 2951 1769 3014 agrestis

683 3034 877 3096 pocula,
913 3033 975 3081 de
1011 3035 1142 3081 facili
1179 3035 1553 3098 composuitque
1587 3035 1707 3080 luto.

402 3117 540 3166 Haec
578 3118 774 3182 quidem
812 3119 919 3182 ipsa
957 3119 1314 3166 sententiarum
1352 3117 1563 3182 quadam
1589 3119 1668 3167 vel
1696 3117 1990 3165 necessitate
2015 3115 2096 3163 vel
2121 3115 2297 3163 saltem
2334 3115 2686 3179 probabilitate

177 3201 358 3251 ductus
393 3204 765 3263 constitueram,
803 3220 913 3251 cum
951 3221 1150 3252 causam
1189 3204 1446 3252 turbarum
1482 3219 1724 3268 quaerens
1760 3200 2114 3262 animadverti,
2159 3217 2272 3250 cum
2319 3200 2434 3250 inde
2473 3219 2502 3250 a
2537 3220 2687 3253 versu

178 3289 240 3336 37
290 3289 459 3338 omnia
499 3298 633 3337 recte
675 3306 727 3338 se
774 3289 1013 3349 habeant,
1065 3291 1193 3339 intra
1237 3299 1314 3338 ter
1362 3289 1622 3338 duodenos
1658 3306 1832 3337 versus
1878 3289 1958 3338 vel
2004 3297 2081 3338 ter
2116 3304 2238 3337 sena
2274 3275 2487 3338 disticha
2520 3289 2685 3339 labem

176 3373 246 3423 ita
281 3375 541 3435 contineri,
578 3384 632 3423 ut
669 3375 746 3424 bis
778 3375 994 3424 duodeni
1035 3392 1207 3424 versus
1243 3375 1323 3423 vel
1359 3375 1436 3424 bis
1472 3392 1591 3425 sena
1627 3375 1839 3424 disticha
1876 3374 2153 3423 efficiantur
2189 3373 2260 3422 eis
2289 3374 2528 3439 partibus,
2564 3392 2686 3439 quas

176 3477 266 3508 suo
304 3460 478 3509 ordine
504 3461 686 3525 pulsas,
723 3462 811 3509 sed
835 3478 925 3525 per
949 3479 1002 3510 se
1028 3462 1146 3510 satis
1171 3462 1390 3525 integras
1417 3478 1525 3509 esse
1551 3461 1671 3508 mihi
1697 3476 2040 3524 persuaseram
2076 3462 2140 3525 (v.
2161 3459 2358 3507 25—36
2379 3467 2427 3507 et
2447 3461 2686 3525 13—24),

2376 3547 2405 3590 2
