3029 3669
407 901 731 961 Meministis,
780 901 1147 947 commilitones
1185 900 1471 956 carrissimi,
1506 899 1588 963 qui
1628 899 1882 946 seminarii
1915 895 2204 962 philologici
2243 898 2428 946 scholis
2465 915 2550 961 per
2586 898 2715 944 hanc

176 989 395 1035 hiemem
442 987 761 1044 interfuistis,
815 985 1081 1049 aliquando
1127 985 1259 1030 inter
1312 1000 1407 1031 nos
1451 983 1513 1030 de
1559 982 1871 1030 restituenda
1918 983 2157 1046 primae
2205 998 2278 1029 ex
2318 981 2714 1030 Tibullianis

177 1073 417 1136 elegiis
463 1079 604 1134 parte
647 1072 812 1134 priore
850 1070 1155 1133 disputatum
1207 1085 1343 1128 esse,
1391 1069 1480 1117 sed
1533 1069 1602 1115 ita
1652 1075 1706 1114 ut
1751 1069 1910 1130 magis
1957 1068 2075 1131 quid
2131 1086 2234 1116 non
2288 1080 2460 1132 posset
2517 1069 2712 1131 probari

177 1173 326 1222 quam
363 1165 418 1202 ut
455 1155 573 1219 quid
610 1171 662 1201 re
688 1171 809 1201 vera
834 1155 1113 1217 scripsisset.
1138 1161 1288 1217 poeta
1313 1152 1672 1217 perspiceretis.
1721 1152 1856 1214 quod
1885 1167 1998 1199 cum
2036 1161 2113 1200 sat
2148 1153 2477 1215 probabiliter
2513 1151 2715 1200 demon·

178 1232 337 1288 strare
375 1256 524 1304 posse
562 1240 709 1285 nobis
747 1239 1021 1297 videamur,
1059 1255 1149 1301 age
1188 1238 1235 1283 in
1275 1236 1589 1301 expedienda
1631 1236 1924 1300 quaestione
1967 1253 2068 1282 non
2105 1236 2322 1284 iucunda
2358 1246 2577 1295 tantum,
2627 1236 2714 1284 sed

179 1341 209 1369 a
244 1325 498 1370 communi
536 1331 816 1369 ceterorum
858 1338 1052 1385 quoque
1090 1322 1513 1379 commilitonum,
1551 1321 1592 1367 si
1629 1321 1711 1383 qui
1751 1320 1813 1366 ab
1856 1321 1933 1367 his
1970 1321 2147 1368 litteris
2184 1338 2285 1368 non
2326 1337 2529 1385 prorsus
2567 1322 2711 1367 alieni

178 1420 323 1468 sunt,
377 1409 559 1455 iudicio
606 1425 709 1454 non
755 1408 902 1454 nimis
948 1416 1141 1453 remota
1178 1407 1317 1470 quasi
1356 1407 1406 1452 in
1442 1405 1692 1453 vestibulo
1731 1404 1984 1451 Musarum
2023 1407 2211 1469 templi,
2250 1407 2533 1469 priusquam
2573 1408 2715 1454 aesti-

180 1510 356 1541 varum
395 1494 665 1540 lectionum
703 1494 915 1539 indicem
955 1493 1250 1555 aperiamus,
1290 1492 1543 1554 paululum
1580 1492 1923 1537 immoremur.

407 1579 572 1640 Atque
608 1594 758 1624 unam
797 1577 1104 1639 solidamque
1143 1577 1353 1638 elegiam
1401 1592 1509 1624 esse
1547 1592 1645 1637 qua·
1680 1592 1782 1622 non
1821 1576 1884 1622 ad
1923 1576 2054 1623 bella
2092 1577 2341 1640 longaque
2379 1578 2580 1635 itinera,
2626 1578 2712 1624 scd

181 1664 245 1709 ad
283 1662 497 1710 Veneris
533 1663 758 1709 militiam
799 1663 982 1725 otiique
1021 1662 1223 1707 delicias
1261 1671 1407 1724 poeta
1453 1679 1504 1707 se
1554 1672 1725 1707 natum
1764 1678 1867 1705 non
1907 1661 2107 1706 divitias
2143 1678 2232 1723 per
2269 1662 2466 1708 labores
2505 1672 2554 1708 et
2588 1665 2713 1725 peri-

181 1748 294 1794 cula
330 1764 566 1811 quaerere
603 1748 912 1809 profiteatur,
967 1747 1052 1793 sed
1110 1763 1264 1809 parvo
1320 1749 1609 1794 contentum
1660 1746 1804 1792 unice
1853 1754 2028 1809 opta-re
2077 1754 2132 1792 ut
2178 1762 2291 1792 rure
2343 1746 2487 1792 inerti
2526 1748 2628 1794 vit-a
2666 1757 2712 1794 et

181 1832 352 1880 Deliae
390 1849 561 1879 amore
599 1847 774 1879 securo
813 1833 906 1877 frui
954 1833 1233 1895 contingat,
1282 1832 1331 1878 id
1371 1832 1569 1895 quidem
1619 1832 1837 1878 verbosa
1884 1832 2200 1878 enarratione
2238 1831 2405 1878 doceri
2446 1849 2571 1896 opus
2608 1849 2710 1880 non

181 1928 271 1966 est.
328 1918 417 1966 sed
456 1918 681 1965 ordinem
720 1919 1078 1965 sententiarum
1117 1918 1297 1981 prioris
1335 1919 1508 1982 partis,
1562 1935 1689 1981 quae
1728 1926 1804 1963 est
1839 1934 1994 1981 usque
2033 1917 2095 1963 ad
2132 1935 2176 1964 v.
2216 1920 2294 1976 40,
2330 1918 2508 1964 merito
2547 1918 2712 1983 displi-

179 2006 344 2052 cuisse
382 2020 564 2050 censeo
592 2002 848 2067 Scaligero
888 2012 936 2050 et
973 2005 1052 2067 qui
1091 2014 1202 2065 post
1240 2019 1352 2050 eum
1391 2002 1782 2067 transponendis
1819 2003 2049 2050 versibus
2082 2001 2278 2049 Tibullo
2316 2002 2549 2050 medendi
2587 2005 2713 2068 peri·

178 2091 347 2136 culum
401 2090 450 2135 in
507 2089 790 2135 scholarum
830 2087 1296 2134 Vratislaviensium
1352 2097 1456 2136 aest.
1493 2105 1536 2135 a.
1574 2090 1705 2134 1855
1761 2089 2021 2151 prooemio
2076 2088 2241 2135 denuo
2297 2090 2412 2137 fecit
2457 2089 2711 2138 Friderico

181 2175 381 2221 Haasio.
452 2190 568 2220 nam
606 2173 738 2237 quod
777 2173 1129 2237 Bernhardyus
1175 2174 1223 2220 in
1257 2174 1529 2221 novissima
1568 2174 1678 2221 hist.
1721 2173 1811 2220 litt.
1849 2172 1992 2220 Rom.
2031 2173 2248 2221 editione
2286 2190 2331 2237 p.
2366 2176 2460 2221 582
2502 2175 2711 2231 monuit,

179 2277 293 2306 cum
330 2259 380 2306 in
418 2259 526 2305 aliis
547 2256 728 2305 Tibulli
768 2257 1091 2315 carminibus,
1130 2258 1308 2321 quibus
1345 2259 1509 2305 animo
1542 2258 1759 2305 maxime
1785 2257 2089 2316 indulsisset,
2124 2266 2230 2304 tum
2267 2259 2316 2305 in
2355 2260 2513 2322 prima
2552 2260 2710 2324 elegia

178 2352 282 2390 tam
321 2345 435 2389 laxa
472 2352 522 2388 et
557 2344 694 2387 molli
734 2351 981 2388 structura
1006 2359 1182 2388 sensus
1209 2340 1514 2406 compositos
1541 2359 1666 2400 esse,
1706 2351 1759 2387 ut
1783 2344 1889 2405 pari
1917 2343 2265 2405 probabilitate
2291 2344 2709 2407 transpositiones

179 2428 395 2490 pai-tium
437 2436 486 2473 et
522 2426 862 2473 commendari
901 2436 950 2472 et
986 2427 1189 2473 refutari
1229 2416 1449 2490 possent,
1487 2444 1663 2474 verum
1703 2444 1814 2474 esse
1850 2443 1952 2473 non
1991 2426 2288 2488 concedam,
2338 2429 2456 2486 nisi,
2495 2439 2549 2476 ut
2586 2429 2708 2476 haec

182 2513 415 2576 exempla
452 2512 698 2571 adferam,
748 2512 797 2557 in
843 2512 989 2558 tertia
1039 2521 1088 2558 et
1137 2528 1273 2558 nona
1316 2513 1462 2559 huius
1509 2520 1559 2559 et
1607 2514 1656 2559 in
1707 2513 1868 2576 prima
1919 2520 1969 2559 et
2005 2520 2147 2559 sexta
2184 2512 2388 2560 secundi
2425 2513 2536 2561 libri
2575 2513 2707 2561 idem

179 2598 579 2662 experimentum
620 2597 727 2645 fieri
775 2613 922 2661 posse
973 2596 1405 2646 demonstraverit.
1477 2596 1592 2662 quid
1641 2596 1774 2661 quod
1822 2614 1885 2645 ne
1925 2597 1973 2645 in
2021 2597 2179 2645 nostri
2236 2596 2434 2660 quidem
2472 2599 2709 2647 carminis

176 2691 320 2748 parte
357 2682 515 2731 altera
550 2683 669 2732 satis
693 2682 889 2731 firmam
916 2683 1276 2732 sententiarum
1305 2701 1611 2748 compagem,
1649 2684 1809 2748 qualis
1836 2683 2033 2748 quidem
2061 2700 2196 2732 sanae
2220 2685 2403 2732 mentis
2435 2684 2707 2744 hominem,

177 2776 382 2832 poetam
433 2778 598 2816 autem
645 2786 747 2815 non
790 2768 969 2815 Bacchi
1014 2769 1182 2817 furore
1221 2786 1461 2817 vesanum
1498 2769 1659 2828 decet,
1709 2769 2085 2817 desideramus?
2144 2769 2193 2816 id
2241 2770 2373 2833 quod
2412 2771 2519 2834 ipse
2557 2768 2708 2817 Bern-

177 2854 400 2920 hardyus
438 2872 737 2919 quamquam
786 2855 913 2901 miro
969 2854 1119 2902 modo
1168 2872 1336 2902 secum
1372 2871 1601 2919 pugnans
1650 2855 1866 2902 sensisse
1903 2854 2115 2914 videtur,
2167 2872 2281 2903 eum
2320 2872 2421 2903 uno
2467 2864 2522 2904 ut
2569 2857 2708 2904 aiunt

177 2940 355 3003 spirit-u
392 2940 516 2987 haec
552 2941 838 3002 protulerit:
882 2957 1005 2999 „nur
1041 2949 1171 3004 maye
1210 2957 1323 2987 man
1360 2941 1487 2987 nicht
1520 2957 1778 3004 veryessen,
1815 2940 1932 2987 dass
1967 2940 2045 2986 die
2083 2938 2402 3003 Composition
2439 2941 2521 2986 (les
2557 2940 2706 2987 Dich-

178 3031 271 3071 ters
306 3024 357 3072 in
392 3024 551 3072 &einen
583 3024 968 3089 ρθτηᾶτΙιίἰυΙιεΐεη
1007 3023 1201 3089 Eleyien
1242 3025 1411 3072 imn'zer
1445 3024 1658 3072 dehnhar
1692 3026 1779 3081 ist5
1816 3034 2030 3089 zverwtiiya
2065 3025 2149 3072 der
2185 3025 2387 3072 weichen
2415 3025 2707 3089 Gliederuny

175 3107 358 3158 konnen
394 3111 517 3157 auch
554 3110 631 3158 die
667 3107 806 3158 Sc'itze
850 3110 986 3157 leielzt
1028 3110 1160 3157 ilcren
1199 3110 1339 3158 Platz
1385 3112 1635 3171 weckseln,
1675 3104 1760 3158 mit
1802 3111 2009 3176 yleiclcer
2056 3110 2550 3159 Wahrs‹·heinli‹dal-cen
2576 3112 2718 3173 ,darf

176 3211 294 3240 man
336 3196 487 3241 daher
533 3195 883 3259 Umstellmzqen
930 3196 1192 3258 empfelden
1236 3198 1336 3244 und
1380 3196 1612 3243 dieselben
1659 3197 1913 3244 bestreiten.
1985 3195 2111 3244 Dies
2154 3197 2244 3261 92·st
2287 3197 2572 3245 namentlich
2619 3212 2710 3243 von

176 3278 286 3326 dem
323 3279 535 3327 lockeren
556 3280 737 3345 Gefllye
773 3281 855 3328 (les
890 3290 1039 3328 ersten
1066 3280 1291 3329 Gedz'ehts
1326 3280 1428 3328 und
1462 3297 1552 3329 von
1587 3280 1677 3330 (len
1705 3280 2040 3345 Vorsckldyem
2072 3283 2241 3330 welche
2276 3283 2425 3342 ‹lafiir
2451 3282 2648 3330 Haase.
2669 3319 2706 3329 ..

176 3364 423 3423 aufstellt3
471 3381 565 3413 nur
600 3366 677 3413 die
726 3366 1009 3430 Versetzung]
1045 3382 1133 3413 von
1169 3383 1210 3414 υ.
1250 3368 1307 3414 13
1344 3382 1411 3431 sq.
1449 3367 1511 3414 35
1549 3383 1615 3431 sq.
1654 3367 1883 3415 erse-heim
1916 3368 2346 3416 wtc'nsekenswertk.
2419 3366 2709 3415 Dennoch

176 3447 257 3495 ist
293 3449 398 3496 der
432 3450 571 3498 Bau
601 3452 1075 3516 yrffsstentlaeils
1109 3468 1168 3499 so
1206 3452 1852 3515 zusammenhc'z'nyend,
1891 3453 1993 3500 der
2026 3453 2406 3501 wesentlz'ehe
2431 3451 2707 3501 Restand
