<?xml version="1.0" encoding="UTF-8"?>
<!DOCTYPE html PUBLIC "-//W3C//DTD XHTML 1.0 Transitional//EN"
    "http://www.w3.org/TR/xhtml1/DTD/xhtml1-transitional.dtd">
<html xmlns="http://www.w3.org/1999/xhtml" xml:lang="en" lang="en">
 <head>
  <title>
</title>
<meta http-equiv="Content-Type" content="text/html;charset=utf-8" />
  <meta name='ocr-system' content='tesseract 3.04.00' />
  <meta name='ocr-capabilities' content='ocr_page ocr_carea ocr_par ocr_line ocrx_word'/>
</head>
<body>
  <div class='ocr_page' id='page_1' title='image "4774159_0018.png"; bbox 0 0 3029 3669; ppageno 0'>
   <div class='ocr_carea' id='block_1_1' title="bbox 1518 64 1588 129">
    <p class='ocr_par' dir='ltr' id='par_1_1' title="bbox 1518 64 1588 129">
     <span class='ocr_line' id='line_1_1' title="bbox 1518 64 1588 129; baseline 0 0"><span class='ocrx_word' id='word_1_1' title='bbox 1518 64 1588 129; x_wconf 67' lang='lat'><strong>10</strong></span> 
     </span>
    </p>
   </div>
   <div class='ocr_carea' id='block_1_2' title="bbox 222 202 2809 1035">
    <p class='ocr_par' dir='ltr' id='par_1_2' title="bbox 222 202 2809 1035">
     <span class='ocr_line' id='line_1_2' title="bbox 275 202 2802 279; baseline 0.003 -22"><span class='ocrx_word' id='word_1_2' title='bbox 275 207 474 257; x_wconf 88' lang='lat' dir='ltr'><strong>initium</strong></span> <span class='ocrx_word' id='word_1_3' title='bbox 521 216 690 258; x_wconf 87' lang='lat' dir='ltr'><strong>autem</strong></span> <span class='ocrx_word' id='word_1_4' title='bbox 731 208 841 257; x_wconf 87' lang='lat' dir='ltr'><strong>fieri</strong></span> <span class='ocrx_word' id='word_1_5' title='bbox 888 210 1198 258; x_wconf 85' lang='lat' dir='ltr'><strong>confusionis</strong></span> <span class='ocrx_word' id='word_1_6' title='bbox 1245 211 1366 261; x_wconf 74' lang='lat' dir='ltr'><strong>inde</strong></span> <span class='ocrx_word' id='word_1_7' title='bbox 1409 230 1439 259; x_wconf 87' lang='lat' dir='ltr'><strong>a</strong></span> <span class='ocrx_word' id='word_1_8' title='bbox 1460 224 1524 259; x_wconf 40' lang='lat' dir='ltr'><strong>‘vs</strong></span> <span class='ocrx_word' id='word_1_9' title='bbox 1553 214 1597 271; x_wconf 82' lang='lat'><strong>7,</strong></span> <span class='ocrx_word' id='word_1_10' title='bbox 1627 213 1680 260; x_wconf 82' lang='lat' dir='ltr'><strong>h.</strong></span> <span class='ocrx_word' id='word_1_11' title='bbox 1720 229 1761 259; x_wconf 88' lang='lat' dir='ltr'><strong>e.</strong></span> <span class='ocrx_word' id='word_1_12' title='bbox 1798 202 1835 259; x_wconf 66' lang='grc' dir='ltr'><strong>α’</strong></span> <span class='ocrx_word' id='word_1_13' title='bbox 1864 222 2042 277; x_wconf 85' lang='lat' dir='ltr'><strong>quarto</strong></span> <span class='ocrx_word' id='word_1_14' title='bbox 2079 214 2310 275; x_wconf 84' lang='lat' dir='ltr'><strong>disticho,</strong></span> <span class='ocrx_word' id='word_1_15' title='bbox 2344 222 2422 263; x_wconf 85' lang='lat' dir='ltr'><strong>ter</strong></span> <span class='ocrx_word' id='word_1_16' title='bbox 2457 214 2671 279; x_wconf 86' lang='lat' dir='ltr'><strong>denique</strong></span> <span class='ocrx_word' id='word_1_17' title='bbox 2704 215 2802 264; x_wconf 89' lang='lat' dir='ltr'><strong>sin-</strong></span> 
     </span>
     <span class='ocr_line' id='line_1_3' title="bbox 276 291 2809 359; baseline 0.004 -18"><span class='ocrx_word' id='word_1_18' title='bbox 276 292 397 359; x_wconf 87' lang='lat' dir='ltr'><strong>gula</strong></span> <span class='ocrx_word' id='word_1_19' title='bbox 431 291 648 343; x_wconf 85' lang='lat' dir='ltr'><strong>disticha</strong></span> <span class='ocrx_word' id='word_1_20' title='bbox 694 301 884 343; x_wconf 86' lang='lat' dir='ltr'><strong>restare</strong></span> <span class='ocrx_word' id='word_1_21' title='bbox 932 310 1058 357; x_wconf 88' lang='lat' dir='ltr'><strong>quae</strong></span> <span class='ocrx_word' id='word_1_22' title='bbox 1106 311 1212 343; x_wconf 84' lang='lat' dir='ltr'><strong>uno</strong></span> <span class='ocrx_word' id='word_1_23' title='bbox 1252 295 1379 343; x_wconf 85' lang='lat' dir='ltr'><strong>loco</strong></span> <span class='ocrx_word' id='word_1_24' title='bbox 1413 308 1546 344; x_wconf 89' lang='lat' dir='ltr'><strong>nunc</strong></span> <span class='ocrx_word' id='word_1_25' title='bbox 1593 296 1805 344; x_wconf 84' lang='lat' dir='ltr'><strong>collecta</strong></span> <span class='ocrx_word' id='word_1_26' title='bbox 1847 298 1965 344; x_wconf 88' lang='lat' dir='ltr'><strong>olim</strong></span> <span class='ocrx_word' id='word_1_27' title='bbox 2022 298 2236 347; x_wconf 84' lang='lat' dir='ltr'><strong>diversis</strong></span> <span class='ocrx_word' id='word_1_28' title='bbox 2290 300 2492 348; x_wconf 89' lang='lat' dir='ltr'><strong>sedibus</strong></span> <span class='ocrx_word' id='word_1_29' title='bbox 2541 299 2809 349; x_wconf 82' lang='lat' dir='ltr'><strong>videantur</strong></span> 
     </span>
     <span class='ocr_line' id='line_1_4' title="bbox 275 376 2809 450; baseline 0.004 -25"><span class='ocrx_word' id='word_1_30' title='bbox 275 376 545 426; x_wconf 88' lang='lat' dir='ltr'><strong>distributa</strong></span> <span class='ocrx_word' id='word_1_31' title='bbox 591 377 760 426; x_wconf 85' lang='lat' dir='ltr'><strong>fuisse.</strong></span> <span class='ocrx_word' id='word_1_32' title='bbox 831 378 966 442; x_wconf 91' lang='lat' dir='ltr'><strong>quod</strong></span> <span class='ocrx_word' id='word_1_33' title='bbox 1012 380 1179 427; x_wconf 83' lang='lat' dir='ltr'><strong>statim</strong></span> <span class='ocrx_word' id='word_1_34' title='bbox 1227 380 1329 427; x_wconf 84' lang='lat' dir='ltr'><strong>vidi</strong></span> <span class='ocrx_word' id='word_1_35' title='bbox 1370 382 1628 443; x_wconf 72' lang='lat' dir='ltr'><strong>praeclare</strong></span> <span class='ocrx_word' id='word_1_36' title='bbox 1682 396 1794 427; x_wconf 85' lang='lat' dir='ltr'><strong>cum</strong></span> <span class='ocrx_word' id='word_1_37' title='bbox 1838 378 2098 430; x_wconf 79' lang='lat' dir='ltr'><strong>Ritschelii</strong></span> <span class='ocrx_word' id='word_1_38' title='bbox 2150 383 2357 432; x_wconf 76' lang='lat' dir='ltr'><strong>invento</strong></span> <span class='ocrx_word' id='word_1_39' title='bbox 2403 382 2647 449; x_wconf 77' lang='lat' dir='ltr'><strong>quadrare</strong></span> <span class='ocrx_word' id='word_1_40' title='bbox 2663 422 2675 446; x_wconf 91' lang='lat'><strong>,</strong></span> <span class='ocrx_word' id='word_1_41' title='bbox 2726 383 2809 450; x_wconf 88' lang='lat' dir='ltr'><strong>qui</strong></span> 
     </span>
     <span class='ocr_line' id='line_1_5' title="bbox 276 460 2807 533; baseline 0.003 -22"><span class='ocrx_word' id='word_1_42' title='bbox 276 460 652 527; x_wconf 83' lang='lat' dir='ltr'><strong>elegantissima</strong></span> <span class='ocrx_word' id='word_1_43' title='bbox 686 478 848 528; x_wconf 80' lang='lat' dir='ltr'>nuper</span> <span class='ocrx_word' id='word_1_44' title='bbox 879 466 1304 512; x_wconf 80' lang='lat' dir='ltr'><strong>commentatione</strong></span> <span class='ocrx_word' id='word_1_45' title='bbox 1351 467 1403 512; x_wconf 86' lang='lat' dir='ltr'><strong>in</strong></span> <span class='ocrx_word' id='word_1_46' title='bbox 1449 467 1703 515; x_wconf 78' lang='lat' dir='ltr'><strong>societatis</strong></span> <span class='ocrx_word' id='word_1_47' title='bbox 1737 467 2014 515; x_wconf 84' lang='lat' dir='ltr'><strong>litterarum</strong></span> <span class='ocrx_word' id='word_1_48' title='bbox 2052 467 2325 533; x_wconf 79' lang='lat' dir='ltr'>Lipsiensis</span> <span class='ocrx_word' id='word_1_49' title='bbox 2362 469 2484 519; x_wconf 91' lang='lat' dir='ltr'><strong>actis</strong></span> <span class='ocrx_word' id='word_1_50' title='bbox 2520 469 2638 518; x_wconf 91' lang='lat' dir='ltr'><strong>anni</strong></span> <span class='ocrx_word' id='word_1_51' title='bbox 2674 469 2807 519; x_wconf 88' lang='grc'><strong>1866</strong></span> 
     </span>
     <span class='ocr_line' id='line_1_6' title="bbox 277 547 2809 620; baseline 0.004 -24"><span class='ocrx_word' id='word_1_52' title='bbox 277 547 466 597; x_wconf 85' lang='lat' dir='ltr'><strong>inserta</strong></span> <span class='ocrx_word' id='word_1_53' title='bbox 509 551 633 614; x_wconf 87' lang='lat' dir='ltr'><strong>(qua</strong></span> <span class='ocrx_word' id='word_1_54' title='bbox 678 550 829 598; x_wconf 89' lang='lat' dir='ltr'><strong>etiam</strong></span> <span class='ocrx_word' id='word_1_55' title='bbox 864 548 1260 617; x_wconf 83' lang='lat' dir='ltr'><strong>Bernhardyana</strong></span> <span class='ocrx_word' id='word_1_56' title='bbox 1304 552 1543 616; x_wconf 83' lang='lat' dir='ltr'><strong>patientia</strong></span> <span class='ocrx_word' id='word_1_57' title='bbox 1588 551 1707 616; x_wconf 90' lang='lat' dir='ltr'><strong>quid</strong></span> <span class='ocrx_word' id='word_1_58' title='bbox 1753 560 1803 601; x_wconf 90' lang='lat' dir='ltr'><strong>et</strong></span> <span class='ocrx_word' id='word_1_59' title='bbox 1847 553 1935 601; x_wconf 81' lang='lat' dir='ltr'><strong>ubi</strong></span> <span class='ocrx_word' id='word_1_60' title='bbox 1982 553 2149 601; x_wconf 80' lang='lat' dir='ltr'><strong>valeat</strong></span> <span class='ocrx_word' id='word_1_61' title='bbox 2200 555 2322 603; x_wconf 85' lang='lat' dir='ltr'><strong>satis</strong></span> <span class='ocrx_word' id='word_1_62' title='bbox 2360 555 2692 620; x_wconf 87' lang='lat' dir='ltr'><strong>significatum</strong></span> <span class='ocrx_word' id='word_1_63' title='bbox 2733 564 2809 605; x_wconf 86' lang='lat' dir='ltr'><strong>est</strong></span> 
     </span>
     <span class='ocr_line' id='line_1_7' title="bbox 276 634 2807 704; baseline 0.004 -22"><span class='ocrx_word' id='word_1_64' title='bbox 276 650 325 697; x_wconf 90' lang='lat' dir='ltr'><strong>p.</strong></span> <span class='ocrx_word' id='word_1_65' title='bbox 363 635 392 682; x_wconf 79' lang='lat'><strong>9</strong></span> <span class='ocrx_word' id='word_1_66' title='bbox 429 634 567 693; x_wconf 86' lang='lat' dir='ltr'><strong>adn.)</strong></span> <span class='ocrx_word' id='word_1_67' title='bbox 604 635 968 683; x_wconf 83' lang='lat' dir='ltr'><strong>demonstravit</strong></span> <span class='ocrx_word' id='word_1_68' title='bbox 1002 634 1187 682; x_wconf 87' lang='lat' dir='ltr'>Tibulli</span> <span class='ocrx_word' id='word_1_69' title='bbox 1224 636 1449 683; x_wconf 81' lang='lat' dir='ltr'>codicem</span> <span class='ocrx_word' id='word_1_70' title='bbox 1485 637 1811 702; x_wconf 77' lang='lat' dir='ltr'><strong>archetypum</strong></span> <span class='ocrx_word' id='word_1_71' title='bbox 1847 638 1969 684; x_wconf 87' lang='lat' dir='ltr'><strong>folia</strong></span> <span class='ocrx_word' id='word_1_72' title='bbox 2005 639 2326 699; x_wconf 78' lang='lat' dir='ltr'>continuisse,</span> <span class='ocrx_word' id='word_1_73' title='bbox 2364 656 2574 704; x_wconf 90' lang='lat' dir='ltr'><strong>quorum</strong></span> <span class='ocrx_word' id='word_1_74' title='bbox 2612 640 2719 691; x_wconf 91' lang='lat' dir='ltr'><strong>seni</strong></span> <span class='ocrx_word' id='word_1_75' title='bbox 2755 639 2807 690; x_wconf 90' lang='lat' dir='ltr'><strong>in</strong></span> 
     </span>
     <span class='ocr_line' id='line_1_8' title="bbox 222 722 2804 789; baseline 0.002 -20"><span class='ocrx_word' id='word_1_76' title='bbox 222 767 224 769; x_wconf 74' lang='grc'><strong>,</strong></span> <span class='ocrx_word' id='word_1_77' title='bbox 277 736 473 782; x_wconf 87' lang='lat' dir='ltr'><strong>quaque</strong></span> <span class='ocrx_word' id='word_1_78' title='bbox 527 722 712 784; x_wconf 88' lang='lat' dir='ltr'><strong>pagina</strong></span> <span class='ocrx_word' id='word_1_79' title='bbox 754 738 931 768; x_wconf 88' lang='lat' dir='ltr'><strong>versus</strong></span> <span class='ocrx_word' id='word_1_80' title='bbox 976 723 1145 785; x_wconf 90' lang='lat' dir='ltr'><strong>scripti</strong></span> <span class='ocrx_word' id='word_1_81' title='bbox 1187 723 1418 781; x_wconf 79' lang='lat' dir='ltr'><strong>fuissent,</strong></span> <span class='ocrx_word' id='word_1_82' title='bbox 1469 722 1702 769; x_wconf 86' lang='lat' dir='ltr'><strong>foliorum</strong></span> <span class='ocrx_word' id='word_1_83' title='bbox 1751 731 1917 769; x_wconf 81' lang='lat' dir='ltr'><strong>autem</strong></span> <span class='ocrx_word' id='word_1_84' title='bbox 1962 723 2103 785; x_wconf 90' lang='lat' dir='ltr'><strong>paria</strong></span> <span class='ocrx_word' id='word_1_85' title='bbox 2138 722 2381 786; x_wconf 78' lang='lat' dir='ltr'><strong>quaedam</strong></span> <span class='ocrx_word' id='word_1_86' title='bbox 2419 725 2804 789; x_wconf 80' lang='lat' dir='ltr'><strong>quaternionum</strong></span> 
     </span>
     <span class='ocr_line' id='line_1_9' title="bbox 279 804 2804 870; baseline 0.002 -18"><span class='ocrx_word' id='word_1_87' title='bbox 279 820 524 869; x_wconf 83' lang='lat' dir='ltr'><strong>compage</strong></span> <span class='ocrx_word' id='word_1_88' title='bbox 562 805 726 853; x_wconf 87' lang='lat' dir='ltr'><strong>soluta</strong></span> <span class='ocrx_word' id='word_1_89' title='bbox 778 814 925 870; x_wconf 87' lang='lat' dir='ltr'><strong>atque</strong></span> <span class='ocrx_word' id='word_1_90' title='bbox 979 804 1106 853; x_wconf 91' lang='lat' dir='ltr'><strong>adeo</strong></span> <span class='ocrx_word' id='word_1_91' title='bbox 1161 805 1410 870; x_wconf 80' lang='lat' dir='ltr'><strong>discerpta</strong></span> <span class='ocrx_word' id='word_1_92' title='bbox 1451 806 1616 854; x_wconf 84' lang='lat' dir='ltr'><strong>fuisse.</strong></span> <span class='ocrx_word' id='word_1_93' title='bbox 1697 806 1827 855; x_wconf 89' lang='lat' dir='ltr'><strong>hunc</strong></span> <span class='ocrx_word' id='word_1_94' title='bbox 1864 807 2012 870; x_wconf 89' lang='lat' dir='ltr'><strong>igitur</strong></span> <span class='ocrx_word' id='word_1_95' title='bbox 2048 816 2302 856; x_wconf 82' lang='lat' dir='ltr'><strong>auctorem</strong></span> <span class='ocrx_word' id='word_1_96' title='bbox 2335 810 2491 857; x_wconf 89' lang='lat' dir='ltr'><strong>secuti</strong></span> <span class='ocrx_word' id='word_1_97' title='bbox 2529 818 2804 858; x_wconf 83' lang='lat' dir='ltr'><strong>statuemus</strong></span> 
     </span>
     <span class='ocr_line' id='line_1_10' title="bbox 277 881 2525 956; baseline 0.002 -20"><span class='ocrx_word' id='word_1_98' title='bbox 277 900 485 938; x_wconf 87' lang='lat' dir='ltr'><strong>nostrae</strong></span> <span class='ocrx_word' id='word_1_99' title='bbox 525 891 713 955; x_wconf 86' lang='lat' dir='ltr'><strong>elegiae</strong></span> <span class='ocrx_word' id='word_1_100' title='bbox 750 881 808 937; x_wconf 57' lang='lat' dir='ltr'><strong>in&#39;</strong></span> <span class='ocrx_word' id='word_1_101' title='bbox 838 889 1113 956; x_wconf 89' lang='lat' dir='ltr'><strong>archetypo</strong></span> <span class='ocrx_word' id='word_1_102' title='bbox 1146 891 1440 955; x_wconf 85' lang='lat' dir='ltr'><strong>paginarum</strong></span> <span class='ocrx_word' id='word_1_103' title='bbox 1478 898 1528 939; x_wconf 90' lang='lat' dir='ltr'><strong>et</strong></span> <span class='ocrx_word' id='word_1_104' title='bbox 1563 890 1796 940; x_wconf 89' lang='lat' dir='ltr'><strong>foliorum</strong></span> <span class='ocrx_word' id='word_1_105' title='bbox 1831 889 2057 939; x_wconf 85' lang='lat' dir='ltr'><strong>ordinem</strong></span> <span class='ocrx_word' id='word_1_106' title='bbox 2095 891 2227 940; x_wconf 89' lang='lat' dir='ltr'><strong>hunc</strong></span> <span class='ocrx_word' id='word_1_107' title='bbox 2264 893 2432 951; x_wconf 84' lang='lat' dir='ltr'><strong>fuisse,</strong></span> <span class='ocrx_word' id='word_1_108' title='bbox 2472 903 2525 940; x_wconf 94' lang='lat' dir='ltr'><strong>ut</strong></span> 
     </span>
     <span class='ocr_line' id='line_1_11' title="bbox 1014 974 2014 1035; baseline 0 -12"><span class='ocrx_word' id='word_1_109' title='bbox 1014 975 1099 1023; x_wconf 86' lang='lat' dir='ltr'><strong>fol.</strong></span> <span class='ocrx_word' id='word_1_110' title='bbox 1177 974 1239 1022; x_wconf 85' lang='lat' dir='ltr'><strong>la</strong></span> <span class='ocrx_word' id='word_1_111' title='bbox 1307 974 1480 1023; x_wconf 88' lang='lat' dir='ltr'><strong>titulus</strong></span> <span class='ocrx_word' id='word_1_112' title='bbox 1512 975 1622 1025; x_wconf 84' lang='lat' dir='ltr'><strong>libri</strong></span> <span class='ocrx_word' id='word_1_113' title='bbox 1661 976 2014 1035; x_wconf 74' lang='lat' dir='ltr'><strong>contineretur,</strong></span> 
     </span>
    </p>
   </div>
   <div class='ocr_carea' id='block_1_3' title="bbox 277 1058 2830 3505">
    <p class='ocr_par' dir='ltr' id='par_1_3' title="bbox 1012 1058 1512 1108">
     <span class='ocr_line' id='line_1_12' title="bbox 1012 1058 1512 1108; baseline -0.002 0"><span class='ocrx_word' id='word_1_114' title='bbox 1012 1060 1096 1108; x_wconf 88' lang='lat' dir='ltr'><strong>fol.</strong></span> <span class='ocrx_word' id='word_1_115' title='bbox 1169 1058 1229 1107; x_wconf 85' lang='lat' dir='ltr'><strong>lb</strong></span> <span class='ocrx_word' id='word_1_116' title='bbox 1303 1077 1348 1108; x_wconf 87' lang='lat' dir='ltr'><strong>v.</strong></span> <span class='ocrx_word' id='word_1_117' title='bbox 1387 1062 1512 1107; x_wconf 84' lang='grc'><strong>1-6</strong></span> 
     </span>
    </p>

    <p class='ocr_par' dir='ltr' id='par_1_4' title="bbox 1011 1142 1811 1548">
     <span class='ocr_line' id='line_1_13' title="bbox 1014 1142 1811 1209; baseline 0.003 -18"><span class='ocrx_word' id='word_1_118' title='bbox 1014 1143 1098 1192; x_wconf 87' lang='lat' dir='ltr'><strong>fol.</strong></span> <span class='ocrx_word' id='word_1_119' title='bbox 1136 1142 1227 1193; x_wconf 85' lang='lat' dir='ltr'><strong>Ila</strong></span> <span class='ocrx_word' id='word_1_120' title='bbox 1302 1161 1349 1193; x_wconf 87' lang='lat' dir='ltr'><strong>v.</strong></span> <span class='ocrx_word' id='word_1_121' title='bbox 1389 1144 1450 1191; x_wconf 85' lang='lat'><strong>25</strong></span> <span class='ocrx_word' id='word_1_122' title='bbox 1470 1145 1601 1193; x_wconf 84' lang='lat'><strong>-28.</strong></span> <span class='ocrx_word' id='word_1_123' title='bbox 1641 1145 1707 1192; x_wconf 82' lang='lat'><strong>29</strong></span> <span class='ocrx_word' id='word_1_124' title='bbox 1742 1163 1811 1209; x_wconf 87' lang='lat' dir='ltr'><strong>sq.</strong></span> 
     </span>
     <span class='ocr_line' id='line_1_14' title="bbox 1013 1229 1803 1293; baseline -0.001 -16"><span class='ocrx_word' id='word_1_125' title='bbox 1013 1230 1097 1278; x_wconf 85' lang='lat' dir='ltr'><strong>fol.</strong></span> <span class='ocrx_word' id='word_1_126' title='bbox 1136 1229 1220 1277; x_wconf 81' lang='lat' dir='ltr'><strong>llb</strong></span> <span class='ocrx_word' id='word_1_127' title='bbox 1297 1248 1343 1278; x_wconf 87' lang='lat' dir='ltr'><strong>v.</strong></span> <span class='ocrx_word' id='word_1_128' title='bbox 1382 1230 1594 1277; x_wconf 81' lang='lat'><strong>31-34.</strong></span> <span class='ocrx_word' id='word_1_129' title='bbox 1634 1233 1695 1278; x_wconf 88' lang='grc'><strong>35</strong></span> <span class='ocrx_word' id='word_1_130' title='bbox 1735 1249 1803 1293; x_wconf 81' lang='lat' dir='ltr'><strong>sq.</strong></span> 
     </span>
     <span class='ocr_line' id='line_1_15' title="bbox 1011 1314 1587 1363; baseline 0 -1"><span class='ocrx_word' id='word_1_131' title='bbox 1011 1314 1222 1363; x_wconf 71' lang='lat' dir='ltr'><strong>solllIa</strong></span> <span class='ocrx_word' id='word_1_132' title='bbox 1293 1333 1337 1363; x_wconf 90' lang='lat' dir='ltr'><strong>v.</strong></span> <span class='ocrx_word' id='word_1_133' title='bbox 1375 1317 1587 1362; x_wconf 86' lang='lat'><strong>13—18.</strong></span> 
     </span>
     <span class='ocr_line' id='line_1_16' title="bbox 1012 1399 1584 1447; baseline -0.002 -1"><span class='ocrx_word' id='word_1_134' title='bbox 1012 1399 1219 1447; x_wconf 78' lang='lat' dir='ltr'>f01.111b</span> <span class='ocrx_word' id='word_1_135' title='bbox 1289 1417 1334 1446; x_wconf 89' lang='lat' dir='ltr'><strong>v.</strong></span> <span class='ocrx_word' id='word_1_136' title='bbox 1378 1402 1584 1446; x_wconf 78' lang='lat'>19-24.</span> 
     </span>
     <span class='ocr_line' id='line_1_17' title="bbox 1012 1483 1576 1548; baseline 0 -17"><span class='ocrx_word' id='word_1_137' title='bbox 1012 1483 1222 1533; x_wconf 54' lang='lat' dir='ltr'><strong>soliva</strong></span> <span class='ocrx_word' id='word_1_138' title='bbox 1292 1502 1337 1531; x_wconf 88' lang='lat' dir='ltr'><strong>v.</strong></span> <span class='ocrx_word' id='word_1_139' title='bbox 1377 1486 1438 1531; x_wconf 83' lang='lat'><strong>37</strong></span> <span class='ocrx_word' id='word_1_140' title='bbox 1478 1502 1576 1548; x_wconf 90' lang='lat' dir='ltr'><strong>sqq.</strong></span> 
     </span>
    </p>

    <p class='ocr_par' dir='ltr' id='par_1_5' title="bbox 277 1568 2830 1974">
     <span class='ocr_line' id='line_1_18' title="bbox 505 1568 2804 1631; baseline 0 -14"><span class='ocrx_word' id='word_1_141' title='bbox 505 1569 581 1617; x_wconf 89' lang='lat' dir='ltr'><strong>Ex</strong></span> <span class='ocrx_word' id='word_1_142' title='bbox 620 1570 696 1618; x_wconf 85' lang='lat' dir='ltr'><strong>his</strong></span> <span class='ocrx_word' id='word_1_143' title='bbox 732 1569 853 1617; x_wconf 85' lang='lat' dir='ltr'><strong>folia</strong></span> <span class='ocrx_word' id='word_1_144' title='bbox 889 1568 932 1616; x_wconf 93' lang='lat' dir='ltr'><strong>II</strong></span> <span class='ocrx_word' id='word_1_145' title='bbox 972 1577 1021 1617; x_wconf 89' lang='lat' dir='ltr'><strong>et</strong></span> <span class='ocrx_word' id='word_1_146' title='bbox 1060 1568 1124 1616; x_wconf 82' lang='lat' dir='ltr'><strong>{ll</strong></span> <span class='ocrx_word' id='word_1_147' title='bbox 1164 1586 1192 1616; x_wconf 89' lang='lat' dir='ltr'><strong>a</strong></span> <span class='ocrx_word' id='word_1_148' title='bbox 1228 1569 1430 1616; x_wconf 85' lang='lat' dir='ltr'><strong>librario</strong></span> <span class='ocrx_word' id='word_1_149' title='bbox 1468 1569 1536 1616; x_wconf 87' lang='lat' dir='ltr'><strong>ita</strong></span> <span class='ocrx_word' id='word_1_150' title='bbox 1571 1570 1876 1631; x_wconf 86' lang='lat' dir='ltr'><strong>transposita</strong></span> <span class='ocrx_word' id='word_1_151' title='bbox 1912 1570 2066 1616; x_wconf 84' lang='lat' dir='ltr'><strong>fuisse</strong></span> <span class='ocrx_word' id='word_1_152' title='bbox 2104 1571 2311 1628; x_wconf 82' lang='lat' dir='ltr'><strong>conicio,</strong></span> <span class='ocrx_word' id='word_1_153' title='bbox 2349 1578 2402 1617; x_wconf 92' lang='lat' dir='ltr'><strong>ut</strong></span> <span class='ocrx_word' id='word_1_154' title='bbox 2438 1569 2666 1616; x_wconf 84' lang='lat' dir='ltr'><strong>f01.111a</strong></span> <span class='ocrx_word' id='word_1_155' title='bbox 2704 1577 2752 1617; x_wconf 89' lang='lat' dir='ltr'><strong>et</strong></span> <span class='ocrx_word' id='word_1_156' title='bbox 2780 1571 2804 1616; x_wconf 84' lang='lat' dir='ltr'><strong>b</strong></span> 
     </span>
     <span class='ocr_line' id='line_1_19' title="bbox 277 1651 2830 1720; baseline 0 -18"><span class='ocrx_word' id='word_1_157' title='bbox 277 1653 604 1719; x_wconf 82' lang='lat' dir='ltr'><strong>praecederet</strong></span> <span class='ocrx_word' id='word_1_158' title='bbox 640 1654 761 1700; x_wconf 85' lang='lat' dir='ltr'><strong>folio</strong></span> <span class='ocrx_word' id='word_1_159' title='bbox 802 1651 897 1701; x_wconf 86' lang='lat' dir='ltr'><strong>IIa</strong></span> <span class='ocrx_word' id='word_1_160' title='bbox 935 1662 984 1701; x_wconf 90' lang='lat' dir='ltr'><strong>et</strong></span> <span class='ocrx_word' id='word_1_161' title='bbox 1009 1655 1056 1711; x_wconf 87' lang='lat' dir='ltr'><strong>b;</strong></span> <span class='ocrx_word' id='word_1_162' title='bbox 1095 1663 1355 1717; x_wconf 87' lang='lat' dir='ltr'><strong>praeterea</strong></span> <span class='ocrx_word' id='word_1_163' title='bbox 1391 1665 1556 1701; x_wconf 89' lang='lat' dir='ltr'><strong>autem</strong></span> <span class='ocrx_word' id='word_1_164' title='bbox 1590 1655 1684 1701; x_wconf 86' lang='lat' dir='ltr'><strong>t-ria</strong></span> <span class='ocrx_word' id='word_1_165' title='bbox 1717 1653 1928 1701; x_wconf 83' lang='lat' dir='ltr'><strong>disticha</strong></span> <span class='ocrx_word' id='word_1_166' title='bbox 1964 1656 1994 1699; x_wconf 89' lang='grc'>9</span> <span class='ocrx_word' id='word_1_167' title='bbox 2021 1671 2089 1717; x_wconf 88' lang='lat' dir='ltr'><strong>sq.</strong></span> <span class='ocrx_word' id='word_1_168' title='bbox 2131 1654 2156 1699; x_wconf 84' lang='lat'>7</span> <span class='ocrx_word' id='word_1_169' title='bbox 2186 1671 2255 1718; x_wconf 89' lang='lat' dir='ltr'><strong>sq.</strong></span> <span class='ocrx_word' id='word_1_170' title='bbox 2294 1656 2355 1699; x_wconf 90' lang='lat'><strong>11</strong></span> <span class='ocrx_word' id='word_1_171' title='bbox 2384 1671 2452 1720; x_wconf 89' lang='lat' dir='ltr'><strong>sq.</strong></span> <span class='ocrx_word' id='word_1_172' title='bbox 2490 1655 2830 1720; x_wconf 85' lang='lat' dir='ltr'><strong>neglegentia&#39;</strong></span> 
     </span>
     <span class='ocr_line' id='line_1_20' title="bbox 277 1734 2805 1804; baseline -0.001 -16"><span class='ocrx_word' id='word_1_173' title='bbox 277 1739 466 1788; x_wconf 87' lang='lat' dir='ltr'><strong>librarii</strong></span> <span class='ocrx_word' id='word_1_174' title='bbox 503 1738 553 1787; x_wconf 88' lang='lat' dir='ltr'><strong>in</strong></span> <span class='ocrx_word' id='word_1_175' title='bbox 591 1734 858 1787; x_wconf 84' lang='lat' dir='ltr'><strong>scribendo</strong></span> <span class='ocrx_word' id='word_1_176' title='bbox 896 1737 1068 1785; x_wconf 88' lang='lat' dir='ltr'><strong>codice</strong></span> <span class='ocrx_word' id='word_1_177' title='bbox 1107 1740 1457 1801; x_wconf 88' lang='lat' dir='ltr'><strong>praetermissa</strong></span> <span class='ocrx_word' id='word_1_178' title='bbox 1493 1741 1541 1785; x_wconf 91' lang='lat' dir='ltr'><strong>in</strong></span> <span class='ocrx_word' id='word_1_179' title='bbox 1576 1740 1812 1801; x_wconf 80' lang='lat' dir='ltr'><strong>singulari</strong></span> <span class='ocrx_word' id='word_1_180' title='bbox 1850 1740 2060 1797; x_wconf 83' lang='lat' dir='ltr'><strong>scheda,</strong></span> <span class='ocrx_word' id='word_1_181' title='bbox 2099 1756 2222 1804; x_wconf 84' lang='lat' dir='ltr'><strong>quae</strong></span> <span class='ocrx_word' id='word_1_182' title='bbox 2259 1741 2388 1786; x_wconf 89' lang='lat' dir='ltr'><strong>inter</strong></span> <span class='ocrx_word' id='word_1_183' title='bbox 2423 1740 2598 1786; x_wconf 86' lang='lat' dir='ltr'><strong>folium</strong></span> <span class='ocrx_word' id='word_1_184' title='bbox 2636 1738 2732 1787; x_wconf 88' lang='lat' dir='ltr'><strong>let</strong></span> <span class='ocrx_word' id='word_1_185' title='bbox 2762 1738 2805 1787; x_wconf 91' lang='lat' dir='ltr'><strong>II</strong></span> 
     </span>
     <span class='ocr_line' id='line_1_21' title="bbox 278 1823 2804 1888; baseline -0 -15"><span class='ocrx_word' id='word_1_186' title='bbox 278 1824 467 1873; x_wconf 89' lang='lat' dir='ltr'><strong>inserta</strong></span> <span class='ocrx_word' id='word_1_187' title='bbox 503 1833 649 1884; x_wconf 90' lang='lat' dir='ltr'><strong>esset,</strong></span> <span class='ocrx_word' id='word_1_188' title='bbox 688 1824 843 1887; x_wconf 87' lang='lat' dir='ltr'><strong>signis</strong></span> <span class='ocrx_word' id='word_1_189' title='bbox 880 1823 1059 1887; x_wconf 84' lang='lat' dir='ltr'><strong>quibus</strong></span> <span class='ocrx_word' id='word_1_190' title='bbox 1096 1823 1414 1884; x_wconf 81' lang='lat' dir='ltr'><strong>indicaretur,</strong></span> <span class='ocrx_word' id='word_1_191' title='bbox 1451 1842 1548 1888; x_wconf 87' lang='lat' dir='ltr'><strong>quo</strong></span> <span class='ocrx_word' id='word_1_192' title='bbox 1576 1827 1624 1871; x_wconf 90' lang='lat' dir='ltr'><strong>in</strong></span> <span class='ocrx_word' id='word_1_193' title='bbox 1650 1832 1841 1871; x_wconf 88' lang='lat' dir='ltr'><strong>textum</strong></span> <span class='ocrx_word' id='word_1_194' title='bbox 1870 1824 2133 1871; x_wconf 86' lang='lat' dir='ltr'><strong>referenda</strong></span> <span class='ocrx_word' id='word_1_195' title='bbox 2165 1833 2332 1873; x_wconf 88' lang='lat' dir='ltr'><strong>essent</strong></span> <span class='ocrx_word' id='word_1_196' title='bbox 2357 1824 2552 1887; x_wconf 89' lang='lat' dir='ltr'><strong>singula</strong></span> <span class='ocrx_word' id='word_1_197' title='bbox 2578 1823 2804 1883; x_wconf 89' lang='lat' dir='ltr'><strong>disticha,</strong></span> 
     </span>
     <span class='ocr_line' id='line_1_22' title="bbox 280 1909 1402 1974; baseline -0.001 -17"><span class='ocrx_word' id='word_1_198' title='bbox 280 1910 525 1974; x_wconf 85' lang='lat' dir='ltr'><strong>adpositis</strong></span> <span class='ocrx_word' id='word_1_199' title='bbox 563 1910 658 1956; x_wconf 89' lang='lat' dir='ltr'><strong>hoc</strong></span> <span class='ocrx_word' id='word_1_200' title='bbox 696 1909 872 1956; x_wconf 88' lang='lat' dir='ltr'><strong>ordine</strong></span> <span class='ocrx_word' id='word_1_201' title='bbox 910 1911 1193 1972; x_wconf 86' lang='lat' dir='ltr'><strong>conscripta</strong></span> <span class='ocrx_word' id='word_1_202' title='bbox 1228 1910 1402 1956; x_wconf 81' lang='lat' dir='ltr'><strong>fuisse:</strong></span> 
     </span>
    </p>

    <p class='ocr_par' dir='ltr' id='par_1_6' title="bbox 280 1995 2807 2312">
     <span class='ocr_line' id='line_1_23' title="bbox 1130 1995 1683 2058; baseline 0 -17"><span class='ocrx_word' id='word_1_203' title='bbox 1130 1995 1154 2041; x_wconf 86' lang='lat'><strong>7</strong></span> <span class='ocrx_word' id='word_1_204' title='bbox 1195 2012 1262 2058; x_wconf 88' lang='lat' dir='ltr'><strong>sq.</strong></span> <span class='ocrx_word' id='word_1_205' title='bbox 1318 1996 1349 2041; x_wconf 89' lang='lat'>9</span> <span class='ocrx_word' id='word_1_206' title='bbox 1389 2011 1458 2057; x_wconf 91' lang='lat' dir='ltr'><strong>sq.</strong></span> <span class='ocrx_word' id='word_1_207' title='bbox 1514 1995 1575 2041; x_wconf 88' lang='lat'><strong>11</strong></span> <span class='ocrx_word' id='word_1_208' title='bbox 1616 2012 1683 2058; x_wconf 89' lang='lat' dir='ltr'><strong>sq.</strong></span> 
     </span>
     <span class='ocr_line' id='line_1_24' title="bbox 281 2078 2807 2143; baseline -0.002 -14"><span class='ocrx_word' id='word_1_209' title='bbox 281 2080 369 2130; x_wconf 90' lang='lat' dir='ltr'><strong>sed</strong></span> <span class='ocrx_word' id='word_1_210' title='bbox 417 2080 549 2127; x_wconf 89' lang='lat' dir='ltr'><strong>idem</strong></span> <span class='ocrx_word' id='word_1_211' title='bbox 604 2081 685 2126; x_wconf 91' lang='lat' dir='ltr'><strong>ille</strong></span> <span class='ocrx_word' id='word_1_212' title='bbox 732 2079 977 2138; x_wconf 89' lang='lat' dir='ltr'><strong>librarius,</strong></span> <span class='ocrx_word' id='word_1_213' title='bbox 1023 2080 1103 2143; x_wconf 88' lang='lat' dir='ltr'><strong>qui</strong></span> <span class='ocrx_word' id='word_1_214' title='bbox 1142 2080 1260 2127; x_wconf 87' lang='lat' dir='ltr'><strong>folia</strong></span> <span class='ocrx_word' id='word_1_215' title='bbox 1299 2079 1340 2126; x_wconf 88' lang='grc' dir='ltr'><strong>ΙΙ</strong></span> <span class='ocrx_word' id='word_1_216' title='bbox 1380 2090 1429 2127; x_wconf 86' lang='lat' dir='ltr'><strong>et</strong></span> <span class='ocrx_word' id='word_1_217' title='bbox 1467 2079 1533 2126; x_wconf 90' lang='lat'><strong>111</strong></span> <span class='ocrx_word' id='word_1_218' title='bbox 1573 2080 1921 2139; x_wconf 87' lang='lat' dir='ltr'><strong>eommutavit,</strong></span> <span class='ocrx_word' id='word_1_219' title='bbox 1959 2079 2198 2142; x_wconf 81' lang='lat' dir='ltr'><strong>neglectis</strong></span> <span class='ocrx_word' id='word_1_220' title='bbox 2235 2080 2367 2127; x_wconf 85' lang='lat' dir='ltr'><strong>not-is</strong></span> <span class='ocrx_word' id='word_1_221' title='bbox 2405 2080 2531 2126; x_wconf 85' lang='lat' dir='ltr'><strong>hanc</strong></span> <span class='ocrx_word' id='word_1_222' title='bbox 2569 2078 2807 2127; x_wconf 82' lang='lat' dir='ltr'><strong>schedam</strong></span> 
     </span>
     <span class='ocr_line' id='line_1_25' title="bbox 280 2164 2807 2231; baseline -0.001 -17"><span class='ocrx_word' id='word_1_223' title='bbox 280 2166 513 2231; x_wconf 86' lang='lat' dir='ltr'><strong>proxime</strong></span> <span class='ocrx_word' id='word_1_224' title='bbox 552 2173 667 2228; x_wconf 86' lang='lat' dir='ltr'><strong>post</strong></span> <span class='ocrx_word' id='word_1_225' title='bbox 700 2181 745 2213; x_wconf 87' lang='lat' dir='ltr'><strong>v.</strong></span> <span class='ocrx_word' id='word_1_226' title='bbox 783 2166 814 2211; x_wconf 85' lang='grc'>6</span> <span class='ocrx_word' id='word_1_227' title='bbox 849 2164 1282 2212; x_wconf 79' lang='lat' dir='ltr'><strong>transcribendam</strong></span> <span class='ocrx_word' id='word_1_228' title='bbox 1322 2181 1431 2212; x_wconf 89' lang='lat' dir='ltr'><strong>esse</strong></span> <span class='ocrx_word' id='word_1_229' title='bbox 1470 2164 1700 2228; x_wconf 79' lang='lat' dir='ltr'><strong>opinatus</strong></span> <span class='ocrx_word' id='word_1_230' title='bbox 1738 2165 1843 2211; x_wconf 89' lang='lat' dir='ltr'><strong>eius</strong></span> <span class='ocrx_word' id='word_1_231' title='bbox 1881 2164 2069 2212; x_wconf 90' lang='lat' dir='ltr'><strong>ordinis</strong></span> <span class='ocrx_word' id='word_1_232' title='bbox 2107 2174 2280 2212; x_wconf 87' lang='lat' dir='ltr'><strong>auctor</strong></span> <span class='ocrx_word' id='word_1_233' title='bbox 2317 2167 2474 2212; x_wconf 70' lang='lat' dir='ltr'><strong>lactus</strong></span> <span class='ocrx_word' id='word_1_234' title='bbox 2512 2173 2600 2225; x_wconf 80' lang='lat' dir='ltr'><strong>est,</strong></span> <span class='ocrx_word' id='word_1_235' title='bbox 2639 2165 2720 2228; x_wconf 93' lang='lat' dir='ltr'><strong>qui</strong></span> <span class='ocrx_word' id='word_1_236' title='bbox 2756 2165 2807 2212; x_wconf 91' lang='lat' dir='ltr'><strong>in</strong></span> 
     </span>
     <span class='ocr_line' id='line_1_26' title="bbox 282 2249 2034 2312; baseline -0.002 -12"><span class='ocrx_word' id='word_1_237' title='bbox 282 2251 469 2300; x_wconf 89' lang='lat' dir='ltr'><strong>nostris</strong></span> <span class='ocrx_word' id='word_1_238' title='bbox 505 2251 643 2297; x_wconf 81' lang='lat' dir='ltr'><strong>libris</strong></span> <span class='ocrx_word' id='word_1_239' title='bbox 682 2249 895 2297; x_wconf 88' lang='lat' dir='ltr'><strong>traditus</strong></span> <span class='ocrx_word' id='word_1_240' title='bbox 932 2250 1028 2296; x_wconf 88' lang='lat' dir='ltr'><strong>iam</strong></span> <span class='ocrx_word' id='word_1_241' title='bbox 1068 2250 1304 2312; x_wconf 73' lang='lat' dir='ltr'><strong>scaligeri</strong></span> <span class='ocrx_word' id='word_1_242' title='bbox 1344 2267 1551 2297; x_wconf 83' lang='lat' dir='ltr'><strong>acumen</strong></span> <span class='ocrx_word' id='word_1_243' title='bbox 1591 2252 1768 2296; x_wconf 88' lang='lat' dir='ltr'><strong>merito</strong></span> <span class='ocrx_word' id='word_1_244' title='bbox 1812 2249 2034 2296; x_wconf 84' lang='lat' dir='ltr'><strong>offendit.</strong></span> 
     </span>
    </p>

    <p class='ocr_par' dir='ltr' id='par_1_7' title="bbox 282 2334 2808 2655">
     <span class='ocr_line' id='line_1_27' title="bbox 507 2334 2806 2398; baseline 0 -17"><span class='ocrx_word' id='word_1_245' title='bbox 507 2336 581 2382; x_wconf 91' lang='lat' dir='ltr'><strong>Ac</strong></span> <span class='ocrx_word' id='word_1_246' title='bbox 634 2335 801 2382; x_wconf 87' lang='lat' dir='ltr'><strong>videte</strong></span> <span class='ocrx_word' id='word_1_247' title='bbox 853 2335 973 2381; x_wconf 90' lang='lat' dir='ltr'><strong>mihi</strong></span> <span class='ocrx_word' id='word_1_248' title='bbox 1027 2352 1172 2397; x_wconf 85' lang='lat' dir='ltr'><strong>quam</strong></span> <span class='ocrx_word' id='word_1_249' title='bbox 1237 2337 1435 2398; x_wconf 83' lang='lat' dir='ltr'><strong>egregie</strong></span> <span class='ocrx_word' id='word_1_250' title='bbox 1489 2336 1721 2381; x_wconf 87' lang='lat' dir='ltr'><strong>foliorum</strong></span> <span class='ocrx_word' id='word_1_251' title='bbox 1776 2335 2081 2397; x_wconf 70' lang='lat' dir='ltr'><strong>computatio</strong></span> <span class='ocrx_word' id='word_1_252' title='bbox 2136 2343 2308 2382; x_wconf 86' lang='lat' dir='ltr'><strong>nostra</strong></span> <span class='ocrx_word' id='word_1_253' title='bbox 2367 2334 2633 2383; x_wconf 77' lang='lat' dir='ltr'><strong>conveniat</strong></span> <span class='ocrx_word' id='word_1_254' title='bbox 2695 2350 2806 2383; x_wconf 87' lang='lat' dir='ltr'><strong>eum</strong></span> 
     </span>
     <span class='ocr_line' id='line_1_28' title="bbox 282 2418 2808 2484; baseline -0 -16"><span class='ocrx_word' id='word_1_255' title='bbox 282 2420 642 2468; x_wconf 86' lang='lat' dir='ltr'><strong>Ritscheliana.</strong></span> <span class='ocrx_word' id='word_1_256' title='bbox 713 2437 828 2465; x_wconf 83' lang='lat' dir='ltr'><strong>nam</strong></span> <span class='ocrx_word' id='word_1_257' title='bbox 867 2437 993 2483; x_wconf 87' lang='lat' dir='ltr'><strong>quae</strong></span> <span class='ocrx_word' id='word_1_258' title='bbox 1030 2422 1347 2466; x_wconf 87' lang='lat' dir='ltr'><strong>intercedunt</strong></span> <span class='ocrx_word' id='word_1_259' title='bbox 1396 2422 1525 2467; x_wconf 89' lang='lat' dir='ltr'><strong>inter</strong></span> <span class='ocrx_word' id='word_1_260' title='bbox 1566 2420 1752 2484; x_wconf 84' lang='lat' dir='ltr'><strong>elegiae</strong></span> <span class='ocrx_word' id='word_1_261' title='bbox 1794 2420 1808 2466; x_wconf 94' lang='lat' dir='ltr'><strong>l</strong></span> <span class='ocrx_word' id='word_1_262' title='bbox 1847 2435 2044 2468; x_wconf 86' lang='lat' dir='ltr'><strong>versum</strong></span> <span class='ocrx_word' id='word_1_263' title='bbox 2083 2419 2142 2468; x_wconf 82' lang='lat'><strong>37</strong></span> <span class='ocrx_word' id='word_1_264' title='bbox 2184 2428 2233 2468; x_wconf 89' lang='lat' dir='ltr'><strong>et</strong></span> <span class='ocrx_word' id='word_1_265' title='bbox 2270 2427 2474 2482; x_wconf 86' lang='lat' dir='ltr'><strong>quartae</strong></span> <span class='ocrx_word' id='word_1_266' title='bbox 2511 2418 2703 2467; x_wconf 89' lang='lat' dir='ltr'><strong>initium</strong></span> <span class='ocrx_word' id='word_1_267' title='bbox 2738 2419 2808 2467; x_wconf 90' lang='lat' dir='ltr'><strong>sic</strong></span> 
     </span>
     <span class='ocr_line' id='line_1_29' title="bbox 285 2505 1619 2568; baseline -0.001 -15"><span class='ocrx_word' id='word_1_268' title='bbox 285 2508 347 2553; x_wconf 92' lang='lat' dir='ltr'><strong>ad</strong></span> <span class='ocrx_word' id='word_1_269' title='bbox 387 2522 616 2553; x_wconf 89' lang='lat' dir='ltr'><strong>normam</strong></span> <span class='ocrx_word' id='word_1_270' title='bbox 653 2506 788 2552; x_wconf 88' lang='lat' dir='ltr'><strong>illam</strong></span> <span class='ocrx_word' id='word_1_271' title='bbox 826 2505 1205 2564; x_wconf 86' lang='lat' dir='ltr'><strong>distribuuntur,</strong></span> <span class='ocrx_word' id='word_1_272' title='bbox 1243 2514 1293 2552; x_wconf 79' lang='lat' dir='ltr'><strong>ut</strong></span> <span class='ocrx_word' id='word_1_273' title='bbox 1335 2506 1619 2568; x_wconf 84' lang='lat' dir='ltr'><strong>pertineant</strong></span> 
     </span>
     <span class='ocr_line' id='line_1_30' title="bbox 283 2586 2760 2655; baseline -0.002 -16"><span class='ocrx_word' id='word_1_274' title='bbox 283 2593 472 2655; x_wconf 84' lang='lat' dir='ltr'><strong>elegiae</strong></span> <span class='ocrx_word' id='word_1_275' title='bbox 543 2590 560 2636; x_wconf 94' lang='grc' dir='ltr'>Ι</span> <span class='ocrx_word' id='word_1_276' title='bbox 630 2607 675 2636; x_wconf 92' lang='lat' dir='ltr'><strong>v.</strong></span> <span class='ocrx_word' id='word_1_277' title='bbox 714 2591 928 2649; x_wconf 77' lang='lat'><strong>37-78,</strong></span> <span class='ocrx_word' id='word_1_278' title='bbox 967 2590 1011 2636; x_wconf 92' lang='lat' dir='ltr'><strong>h.</strong></span> <span class='ocrx_word' id='word_1_279' title='bbox 1050 2607 1089 2637; x_wconf 87' lang='lat' dir='ltr'><strong>e.</strong></span> <span class='ocrx_word' id='word_1_280' title='bbox 1129 2606 1304 2637; x_wconf 90' lang='lat' dir='ltr'><strong>versus</strong></span> <span class='ocrx_word' id='word_1_281' title='bbox 1340 2588 1574 2636; x_wconf 87' lang='lat' dir='ltr'>XXXXH</span> <span class='ocrx_word' id='word_1_282' title='bbox 1614 2605 1641 2636; x_wconf 86' lang='lat' dir='ltr'><strong>a</strong></span> <span class='ocrx_word' id='word_1_283' title='bbox 1678 2589 1797 2636; x_wconf 85' lang='lat' dir='ltr'><strong>folio</strong></span> <span class='ocrx_word' id='word_1_284' title='bbox 1837 2587 1946 2635; x_wconf 80' lang='lat' dir='ltr'><strong>1Va</strong></span> <span class='ocrx_word' id='word_1_285' title='bbox 1983 2605 2139 2651; x_wconf 90' lang='lat' dir='ltr'><strong>usque</strong></span> <span class='ocrx_word' id='word_1_286' title='bbox 2177 2587 2238 2634; x_wconf 83' lang='lat' dir='ltr'><strong>ad</strong></span> <span class='ocrx_word' id='word_1_287' title='bbox 2278 2586 2414 2635; x_wconf 80' lang='lat' dir='ltr'><strong>Vlla</strong></span> <span class='ocrx_word' id='word_1_288' title='bbox 2452 2596 2760 2644; x_wconf 84' lang='lat' dir='ltr'><strong>extremum;</strong></span> 
     </span>
    </p>

    <p class='ocr_par' dir='ltr' id='par_1_8' title="bbox 519 2673 2808 2736">
     <span class='ocr_line' id='line_1_31' title="bbox 519 2673 2808 2736; baseline -0.001 -15"><span class='ocrx_word' id='word_1_289' title='bbox 519 2674 561 2721; x_wconf 86' lang='grc' dir='ltr'><strong>ΙΙ</strong></span> <span class='ocrx_word' id='word_1_290' title='bbox 635 2711 662 2733; x_wconf 85' lang='grc'><strong>,,</strong></span> <span class='ocrx_word' id='word_1_291' title='bbox 746 2675 926 2734; x_wconf 71' lang='grc'><strong>1-98,</strong></span> <span class='ocrx_word' id='word_1_292' title='bbox 964 2674 1008 2721; x_wconf 93' lang='lat' dir='ltr'><strong>h.</strong></span> <span class='ocrx_word' id='word_1_293' title='bbox 1048 2691 1088 2722; x_wconf 88' lang='lat' dir='ltr'><strong>e.</strong></span> <span class='ocrx_word' id='word_1_294' title='bbox 1127 2675 1296 2722; x_wconf 89' lang='lat' dir='ltr'><strong>addito</strong></span> <span class='ocrx_word' id='word_1_295' title='bbox 1345 2675 1489 2723; x_wconf 86' lang='lat' dir='ltr'><strong>unius</strong></span> <span class='ocrx_word' id='word_1_296' title='bbox 1538 2674 1768 2720; x_wconf 83' lang='lat' dir='ltr'><strong>versiculi</strong></span> <span class='ocrx_word' id='word_1_297' title='bbox 1806 2674 1995 2736; x_wconf 89' lang='lat' dir='ltr'><strong>spati0,</strong></span> <span class='ocrx_word' id='word_1_298' title='bbox 2050 2689 2146 2735; x_wconf 92' lang='lat' dir='ltr'><strong>quo</strong></span> <span class='ocrx_word' id='word_1_299' title='bbox 2202 2673 2323 2719; x_wconf 86' lang='lat' dir='ltr'><strong>haec</strong></span> <span class='ocrx_word' id='word_1_300' title='bbox 2380 2673 2538 2736; x_wconf 85' lang='lat' dir='ltr'><strong>elegia</strong></span> <span class='ocrx_word' id='word_1_301' title='bbox 2584 2689 2612 2719; x_wconf 92' lang='lat' dir='ltr'><strong>a</strong></span> <span class='ocrx_word' id='word_1_302' title='bbox 2642 2673 2808 2736; x_wconf 90' lang='lat' dir='ltr'><strong>priore</strong></span> 
     </span>
    </p>

    <p class='ocr_par' dir='ltr' id='par_1_9' title="bbox 285 2757 2812 3505">
     <span class='ocr_line' id='line_1_32' title="bbox 1128 2757 2810 2822; baseline -0.002 -15"><span class='ocrx_word' id='word_1_303' title='bbox 1128 2769 1399 2822; x_wconf 82' lang='lat' dir='ltr'><strong>separetur,</strong></span> <span class='ocrx_word' id='word_1_304' title='bbox 1436 2775 1610 2806; x_wconf 86' lang='lat' dir='ltr'><strong>versus</strong></span> <span class='ocrx_word' id='word_1_305' title='bbox 1642 2757 1889 2817; x_wconf 87' lang='lat' dir='ltr'><strong>XCVIIII,</strong></span> <span class='ocrx_word' id='word_1_306' title='bbox 1926 2758 2104 2821; x_wconf 89' lang='lat' dir='ltr'><strong>quibus</strong></span> <span class='ocrx_word' id='word_1_307' title='bbox 2138 2758 2328 2805; x_wconf 72' lang='lat' dir='ltr'><strong>accedit</strong></span> <span class='ocrx_word' id='word_1_308' title='bbox 2363 2758 2656 2805; x_wconf 82' lang='lat' dir='ltr'><strong>hexameter</strong></span> <span class='ocrx_word' id='word_1_309' title='bbox 2693 2764 2810 2820; x_wconf 89' lang='lat' dir='ltr'><strong>post</strong></span> 
     </span>
     <span class='ocr_line' id='line_1_33' title="bbox 1125 2842 2807 2907; baseline -0.002 -15"><span class='ocrx_word' id='word_1_310' title='bbox 1125 2861 1170 2892; x_wconf 89' lang='lat' dir='ltr'><strong>v.</strong></span> <span class='ocrx_word' id='word_1_311' title='bbox 1210 2844 1271 2891; x_wconf 74' lang='lat'><strong>24</strong></span> <span class='ocrx_word' id='word_1_312' title='bbox 1321 2844 1369 2890; x_wconf 87' lang='lat' dir='ltr'><strong>in</strong></span> <span class='ocrx_word' id='word_1_313' title='bbox 1418 2843 1556 2891; x_wconf 88' lang='lat' dir='ltr'><strong>libris</strong></span> <span class='ocrx_word' id='word_1_314' title='bbox 1601 2843 1815 2891; x_wconf 80' lang='lat' dir='ltr'><strong>insertus</strong></span> <span class='ocrx_word' id='word_1_315' title='bbox 1864 2845 2001 2905; x_wconf 85' lang='lat' dir='ltr'><strong>(nam</strong></span> <span class='ocrx_word' id='word_1_316' title='bbox 2040 2852 2351 2907; x_wconf 82' lang='lat' dir='ltr'><strong>pentameter</strong></span> <span class='ocrx_word' id='word_1_317' title='bbox 2388 2842 2575 2902; x_wconf 84' lang='lat' dir='ltr'><strong>deest),</strong></span> <span class='ocrx_word' id='word_1_318' title='bbox 2623 2858 2651 2889; x_wconf 91' lang='lat' dir='ltr'><strong>a</strong></span> <span class='ocrx_word' id='word_1_319' title='bbox 2686 2842 2807 2890; x_wconf 91' lang='lat' dir='ltr'><strong>folio</strong></span> 
     </span>
     <span class='ocr_line' id='line_1_34' title="bbox 1131 2927 1921 2994; baseline 0 -18"><span class='ocrx_word' id='word_1_320' title='bbox 1131 2927 1264 2977; x_wconf 75' lang='lat' dir='ltr'><strong>Vllb</strong></span> <span class='ocrx_word' id='word_1_321' title='bbox 1302 2945 1460 2994; x_wconf 86' lang='lat' dir='ltr'><strong>usque</strong></span> <span class='ocrx_word' id='word_1_322' title='bbox 1496 2929 1557 2977; x_wconf 87' lang='lat' dir='ltr'><strong>ad</strong></span> <span class='ocrx_word' id='word_1_323' title='bbox 1595 2927 1688 2977; x_wconf 89' lang='lat' dir='ltr'><strong>XV</strong></span> <span class='ocrx_word' id='word_1_324' title='bbox 1705 2930 1754 2989; x_wconf 74' lang='lat' dir='ltr'><strong>b,</strong></span> <span class='ocrx_word' id='word_1_325' title='bbox 1782 2946 1825 2976; x_wconf 90' lang='lat' dir='ltr'><strong>v.</strong></span> <span class='ocrx_word' id='word_1_326' title='bbox 1864 2932 1921 2986; x_wconf 74' lang='lat'><strong>43</strong></span> 
     </span>
     <span class='ocr_line' id='line_1_35' title="bbox 403 3012 2809 3077; baseline -0.001 -15"><span class='ocrx_word' id='word_1_327' title='bbox 403 3054 413 3075; x_wconf 92' lang='lat'><strong>,</strong></span> <span class='ocrx_word' id='word_1_328' title='bbox 496 3015 560 3062; x_wconf 84' lang='lat' dir='ltr'><strong>III</strong></span> <span class='ocrx_word' id='word_1_329' title='bbox 632 3053 659 3075; x_wconf 88' lang='lat'><strong>‚‚</strong></span> <span class='ocrx_word' id='word_1_330' title='bbox 745 3017 925 3073; x_wconf 81' lang='grc'><strong>1-94,</strong></span> <span class='ocrx_word' id='word_1_331' title='bbox 964 3016 1008 3063; x_wconf 87' lang='lat' dir='ltr'><strong>h.</strong></span> <span class='ocrx_word' id='word_1_332' title='bbox 1048 3033 1087 3062; x_wconf 91' lang='lat' dir='ltr'><strong>e.</strong></span> <span class='ocrx_word' id='word_1_333' title='bbox 1125 3014 1294 3062; x_wconf 87' lang='lat' dir='ltr'><strong>addito</strong></span> <span class='ocrx_word' id='word_1_334' title='bbox 1333 3016 1509 3062; x_wconf 85' lang='lat' dir='ltr'><strong>iterum</strong></span> <span class='ocrx_word' id='word_1_335' title='bbox 1547 3016 1708 3077; x_wconf 82' lang='lat' dir='ltr'><strong>spatio</strong></span> <span class='ocrx_word' id='word_1_336' title='bbox 1748 3031 1921 3062; x_wconf 87' lang='lat' dir='ltr'><strong>versus</strong></span> <span class='ocrx_word' id='word_1_337' title='bbox 1948 3013 2097 3073; x_wconf 84' lang='lat' dir='ltr'><strong>XCV,</strong></span> <span class='ocrx_word' id='word_1_338' title='bbox 2134 3032 2163 3061; x_wconf 83' lang='lat' dir='ltr'><strong>a</strong></span> <span class='ocrx_word' id='word_1_339' title='bbox 2188 3014 2308 3060; x_wconf 80' lang='lat' dir='ltr'><strong>folio</strong></span> <span class='ocrx_word' id='word_1_340' title='bbox 2337 3012 2483 3068; x_wconf 69' lang='lat' dir='ltr'><strong>xvh,</strong></span> <span class='ocrx_word' id='word_1_341' title='bbox 2524 3031 2566 3059; x_wconf 81' lang='lat' dir='ltr'><strong>v.</strong></span> <span class='ocrx_word' id='word_1_342' title='bbox 2596 3017 2625 3061; x_wconf 87' lang='lat'>6</span> <span class='ocrx_word' id='word_1_343' title='bbox 2653 3030 2809 3076; x_wconf 83' lang='lat' dir='ltr'><strong>usque</strong></span> 
     </span>
     <span class='ocr_line' id='line_1_36' title="bbox 1131 3098 1627 3155; baseline -0.002 -10"><span class='ocrx_word' id='word_1_344' title='bbox 1131 3099 1191 3145; x_wconf 84' lang='lat' dir='ltr'><strong>ad</strong></span> <span class='ocrx_word' id='word_1_345' title='bbox 1230 3098 1449 3155; x_wconf 78' lang='grc' dir='ltr'>ΧΧΙῘΗ),</span> <span class='ocrx_word' id='word_1_346' title='bbox 1490 3118 1533 3145; x_wconf 84' lang='grc' dir='ltr'><strong>ν.</strong></span> <span class='ocrx_word' id='word_1_347' title='bbox 1572 3102 1627 3153; x_wconf 86' lang='grc'><strong>3;</strong></span> 
     </span>
     <span class='ocr_line' id='line_1_37' title="bbox 285 3182 2805 3250; baseline -0.002 -16"><span class='ocrx_word' id='word_1_348' title='bbox 285 3193 342 3234; x_wconf 86' lang='lat' dir='ltr'><strong>ut</strong></span> <span class='ocrx_word' id='word_1_349' title='bbox 380 3194 640 3249; x_wconf 85' lang='lat' dir='ltr'><strong>quartae</strong></span> <span class='ocrx_word' id='word_1_350' title='bbox 700 3186 889 3250; x_wconf 85' lang='lat' dir='ltr'><strong>elegiae</strong></span> <span class='ocrx_word' id='word_1_351' title='bbox 943 3184 1208 3247; x_wconf 85' lang='lat' dir='ltr'><strong>adsumpto</strong></span> <span class='ocrx_word' id='word_1_352' title='bbox 1264 3187 1424 3247; x_wconf 85' lang='lat' dir='ltr'><strong>spatio</strong></span> <span class='ocrx_word' id='word_1_353' title='bbox 1480 3186 1656 3232; x_wconf 89' lang='lat' dir='ltr'><strong>eodem</strong></span> <span class='ocrx_word' id='word_1_354' title='bbox 1714 3187 1759 3230; x_wconf 89' lang='lat' dir='ltr'><strong>in</strong></span> <span class='ocrx_word' id='word_1_355' title='bbox 1809 3187 1988 3248; x_wconf 78' lang='lat' dir='ltr'><strong>pagina</strong></span> <span class='ocrx_word' id='word_1_356' title='bbox 2036 3186 2136 3229; x_wconf 77' lang='lat' dir='ltr'><strong>folii</strong></span> <span class='ocrx_word' id='word_1_357' title='bbox 2176 3184 2336 3231; x_wconf 89' lang='lat' dir='ltr'><strong>XXlll</strong></span> <span class='ocrx_word' id='word_1_358' title='bbox 2385 3200 2560 3231; x_wconf 81' lang='lat' dir='ltr'><strong>aversa</strong></span> <span class='ocrx_word' id='word_1_359' title='bbox 2598 3184 2668 3243; x_wconf 81' lang='lat' dir='ltr'><strong>(b)</strong></span> <span class='ocrx_word' id='word_1_360' title='bbox 2703 3182 2805 3230; x_wconf 86' lang='lat' dir='ltr'><strong>duo</strong></span> 
     </span>
     <span class='ocr_line' id='line_1_38' title="bbox 286 3267 2810 3334; baseline -0.002 -15"><span class='ocrx_word' id='word_1_361' title='bbox 286 3288 466 3319; x_wconf 88' lang='lat' dir='ltr'><strong>versus</strong></span> <span class='ocrx_word' id='word_1_362' title='bbox 500 3270 647 3334; x_wconf 89' lang='lat' dir='ltr'><strong>primi</strong></span> <span class='ocrx_word' id='word_1_363' title='bbox 686 3270 954 3318; x_wconf 82' lang='lat' dir='ltr'><strong>extiterint.</strong></span> <span class='ocrx_word' id='word_1_364' title='bbox 1013 3278 1062 3317; x_wconf 85' lang='lat' dir='ltr'><strong>et</strong></span> <span class='ocrx_word' id='word_1_365' title='bbox 1101 3270 1195 3317; x_wconf 90' lang='lat' dir='ltr'><strong>hoc</strong></span> <span class='ocrx_word' id='word_1_366' title='bbox 1233 3271 1392 3332; x_wconf 90' lang='lat' dir='ltr'><strong>ipsum</strong></span> <span class='ocrx_word' id='word_1_367' title='bbox 1431 3270 1600 3329; x_wconf 67' lang='lat' dir='ltr'><strong>statuit</strong></span> <span class='ocrx_word' id='word_1_368' title='bbox 1640 3269 1937 3316; x_wconf 83' lang='lat' dir='ltr'><strong>R-itschelius</strong></span> <span class='ocrx_word' id='word_1_369' title='bbox 1974 3286 2147 3316; x_wconf 76' lang='lat' dir='ltr'><strong>versus</strong></span> <span class='ocrx_word' id='word_1_370' title='bbox 2186 3272 2212 3315; x_wconf 92' lang='lat'>1</span> <span class='ocrx_word' id='word_1_371' title='bbox 2254 3278 2301 3316; x_wconf 92' lang='lat' dir='ltr'><strong>et</strong></span> <span class='ocrx_word' id='word_1_372' title='bbox 2327 3270 2353 3314; x_wconf 81' lang='lat'><strong>2</strong></span> <span class='ocrx_word' id='word_1_373' title='bbox 2394 3270 2441 3315; x_wconf 90' lang='lat' dir='ltr'><strong>in</strong></span> <span class='ocrx_word' id='word_1_374' title='bbox 2473 3269 2631 3330; x_wconf 87' lang='lat' dir='ltr'><strong>prima</strong></span> <span class='ocrx_word' id='word_1_375' title='bbox 2663 3267 2810 3313; x_wconf 89' lang='lat' dir='ltr'><strong>huius</strong></span> 
     </span>
     <span class='ocr_line' id='line_1_39' title="bbox 289 3352 2811 3420; baseline -0.002 -17"><span class='ocrx_word' id='word_1_376' title='bbox 289 3356 523 3403; x_wconf 82' lang='lat' dir='ltr'><strong>carminis</strong></span> <span class='ocrx_word' id='word_1_377' title='bbox 545 3355 726 3420; x_wconf 88' lang='lat' dir='ltr'><strong>pagina</strong></span> <span class='ocrx_word' id='word_1_378' title='bbox 747 3363 1000 3404; x_wconf 82' lang='lat' dir='ltr'><strong>extremos</strong></span> <span class='ocrx_word' id='word_1_379' title='bbox 1022 3354 1194 3403; x_wconf 79' lang='lat' dir='ltr'><strong>fuisse.</strong></span> <span class='ocrx_word' id='word_1_380' title='bbox 1227 3371 1398 3402; x_wconf 87' lang='lat' dir='ltr'><strong>verum</strong></span> <span class='ocrx_word' id='word_1_381' title='bbox 1414 3362 1581 3402; x_wconf 85' lang='lat' dir='ltr'><strong>tamen</strong></span> <span class='ocrx_word' id='word_1_382' title='bbox 1597 3352 1729 3418; x_wconf 92' lang='lat' dir='ltr'><strong>quod</strong></span> <span class='ocrx_word' id='word_1_383' title='bbox 1750 3353 1798 3401; x_wconf 90' lang='lat' dir='ltr'><strong>in</strong></span> <span class='ocrx_word' id='word_1_384' title='bbox 1814 3352 2025 3401; x_wconf 88' lang='lat' dir='ltr'><strong>adversa</strong></span> <span class='ocrx_word' id='word_1_385' title='bbox 2041 3354 2222 3416; x_wconf 87' lang='lat' dir='ltr'><strong>pagina</strong></span> <span class='ocrx_word' id='word_1_386' title='bbox 2240 3357 2315 3414; x_wconf 87' lang='lat' dir='ltr'><strong>(a)</strong></span> <span class='ocrx_word' id='word_1_387' title='bbox 2337 3352 2597 3401; x_wconf 86' lang='lat' dir='ltr'><strong>exordium</strong></span> <span class='ocrx_word' id='word_1_388' title='bbox 2619 3352 2811 3414; x_wconf 89' lang='lat' dir='ltr'><strong>cepisse</strong></span> 
     </span>
     <span class='ocr_line' id='line_1_40' title="bbox 288 3437 2812 3505; baseline -0.002 -16"><span class='ocrx_word' id='word_1_389' title='bbox 288 3443 498 3505; x_wconf 86' lang='lat' dir='ltr'><strong>elegiam</strong></span> <span class='ocrx_word' id='word_1_390' title='bbox 538 3450 765 3504; x_wconf 87' lang='lat' dir='ltr'><strong>quartam</strong></span> <span class='ocrx_word' id='word_1_391' title='bbox 804 3440 1015 3503; x_wconf 89' lang='lat' dir='ltr'><strong>sumpsit</strong></span> <span class='ocrx_word' id='word_1_392' title='bbox 1051 3439 1388 3487; x_wconf 86' lang='lat' dir='ltr'><strong>necessarium</strong></span> <span class='ocrx_word' id='word_1_393' title='bbox 1435 3439 1495 3485; x_wconf 87' lang='lat' dir='ltr'><strong>ad</strong></span> <span class='ocrx_word' id='word_1_394' title='bbox 1535 3437 1856 3500; x_wconf 87' lang='lat' dir='ltr'><strong>explicandas</strong></span> <span class='ocrx_word' id='word_1_395' title='bbox 1904 3438 2049 3484; x_wconf 89' lang='lat' dir='ltr'><strong>huius</strong></span> <span class='ocrx_word' id='word_1_396' title='bbox 2087 3439 2318 3485; x_wconf 84' lang='lat' dir='ltr'><strong>carminis</strong></span> <span class='ocrx_word' id='word_1_397' title='bbox 2355 3438 2526 3484; x_wconf 79' lang='lat' dir='ltr'><strong>turbas</strong></span> <span class='ocrx_word' id='word_1_398' title='bbox 2563 3453 2662 3483; x_wconf 88' lang='lat' dir='ltr'><strong>non</strong></span> <span class='ocrx_word' id='word_1_399' title='bbox 2703 3453 2812 3484; x_wconf 86' lang='lat' dir='ltr'><strong>esse</strong></span> 
     </span>
    </p>
   </div>
  </div>
 </body>
</html>
