3029 3669
1501 51 1535 98 6

252 194 497 244 Palilibus
570 210 771 260 quoque
852 194 1126 260 quotannis
1195 176 1464 243 celebratis
1537 192 1865 243 indicativum
1933 194 2084 243 ‘soleo
2167 197 2428 261 spargere’
2502 203 2795 258 usurpatum

252 280 499 329 videmus.
562 279 751 345 quodsi
782 287 900 345 post
934 296 981 330 v.
1005 281 1072 328 14
1107 279 1190 328 vel
1227 277 1363 343 quod
1400 278 1507 343 ipse
1545 287 1685 328 certa
1717 278 1932 343 quadam
1969 278 2032 327 de
2069 296 2219 328 causa
2256 281 2484 344 praefero
2521 287 2634 344 post
2658 296 2705 327 v,
2730 279 2796 333 12

253 366 547 415 inseruntur
579 380 628 415 v.
668 365 735 413 35
770 382 839 430 sq.
2464 348 2479 359 x

822 451 904 499 hic
941 467 1039 515 ego
1074 458 1430 514 pastoremque
1468 467 1634 498 meum
1672 451 1888 498 lustrare
1923 452 2194 514 quotannis

891 539 898 545 ’
955 547 1010 584 et
1043 535 1293 600 placidam
1326 535 1470 583 soleo
1506 551 1743 599 spargere
1780 537 1907 583 lacte
1948 535 2135 595 Palem,

254 622 359 668 ‘hic‘
403 620 700 669 adverbium
747 615 1101 684 explicandum
1167 620 1261 667 erit
1302 621 1368 667 ‘in
1424 636 1546 683 agro
1599 621 1744 680 meo‘,
1796 619 1881 666 ubi
1936 620 2154 683 stipitem
2209 619 2523 686 lapidemque
2576 630 2624 669 et
2672 620 2796 685 agri-

255 704 418 752 colam
457 704 608 752 deum
646 721 861 753 veneror
873 723 891 762 ,-
947 704 1083 768 quod
1131 704 1218 752 ubi
1263 721 1398 752 nunc
1440 704 1622 768 legitur
1668 703 1793 752 nihil
1831 705 2038 751 omnino
2076 704 2263 752 habere
2300 721 2399 768 quo
2437 706 2582 754 facile
2619 705 2797 753 referri

257 790 418 853 possit
452 798 590 838 recte
626 789 983 838 animadvertit
1019 774 1248 837 Haasius.

483 873 586 922 Sed
623 875 702 922 hic
734 874 962 921 retractis
999 875 1230 920 versibus
1268 875 1468 920 25—34
1505 881 1619 935 post
1657 889 1702 920 v.
1734 876 1765 919 6
1802 873 2005 935 adiungi
2042 873 2203 919 voluit
2238 890 2281 920 v.
2319 875 2385 919 35
2420 890 2490 936 sq.
2526 874 2693 920 versui
2717 874 2795 931 24,

256 966 392 1005 totus
430 964 486 1005 ut
520 958 660 1005 locus
696 961 763 1019 (v.
804 957 1019 1004 21—-24,
1058 958 1120 1004 35
1160 961 1254 1022 sq.)
1300 957 1620 1020 intellegatur
1672 956 1735 1004 de
1789 957 2187 1017 ambarvalibus,
2238 956 2340 1004 ‘laic‘
2394 965 2559 1005 autem
2615 959 2680 1005 ‘sit
2732 959 2796 1005 ‘in

258 1042 355 1088 hoc
409 1044 573 1089 sacro*
626 1042 1005 1088 ambarvalium.
1083 1052 1134 1088 at
1186 1058 1279 1088 nec
1331 1041 1574 1105 temporis
1625 1056 1688 1087 ex
1742 1040 1910 1087 futuro
1966 1045 1984 1101 (
2000 1040 2137 1088 cadet
2192 1058 2239 1089 v.
2295 1042 2393 1107 23⁷)
2445 1041 2684 1089 transitus
2735 1041 2795 1088 ad

257 1142 496 1188 praesens
549 1126 694 1188 (soleo
747 1143 794 1174 v.
850 1128 937 1185 36)
988 1128 1150 1190 placet
1208 1142 1300 1172 nec
1365 1126 1674 1172 ambarvalia
1736 1125 1952 1172 disticho
2002 1134 2177 1172 nostro
2234 1130 2301 1187 (v.
2350 1128 2412 1173 35
2462 1130 2580 1190 sq.),
2642 1126 2794 1172 immo

256 1209 432 1258 Palilia
469 1210 738 1275 significari
778 1211 921 1259 lactis
958 1228 1165 1259 munere
1201 1228 1249 1258 v.
1287 1212 1351 1257 36
1397 1220 1794 1257 commemorato
1833 1221 2053 1273 apparet.
2125 1211 2370 1274 praecipit
2417 1213 2547 1258 enim
2586 1210 2796 1257 Ovidius

257 1295 368 1341 fast.
423 1295 491 1341 IV
541 1296 638 1341 ’746
687 1297 978 1342 ‘silvicolam
1029 1295 1199 1359 tepido
1249 1296 1377 1341 laete
1427 1310 1629 1357 precare
1667 1293 1867 1353 Palem’‚
1914 1294 2054 1342 cuius
2095 1302 2263 1343 tamen
2315 1296 2365 1344 in
2423 1295 2795 1343 ambarvalibus

257 1381 427 1439 sacris,
465 1397 584 1427 cum
615 1380 780 1428 hostia
817 1380 1157 1428 circumducta
1193 1380 1298 1443 agri
1336 1380 1624 1437 lustrentur,
1663 1380 1849 1426 mentio
1888 1380 2024 1426 nulla
2058 1380 2127 1426 fit.
2199 1397 2292 1427 nec
2341 1397 2430 1443 par
2469 1389 2572 1427 erat
2610 1398 2636 1427 a
2675 1379 2792 1427 Pale

254 1465 404 1512 nimis
450 1466 704 1528 segregari
759 1465 1062 1513 antecedens
1110 1465 1358 1512 distichon
1393 1468 1460 1523 (v.
1498 1465 1562 1508 33
1600 1460 1711 1525 sq),
1763 1481 1860 1526 quo
1910 1481 1938 1508 a
1986 1481 2166 1527 pecore
2216 1476 2613 1511 averruncantur
2659 1466 2792 1511 fures

256 1548 484 1612 lupiquet

822 1643 869 1681 at
909 1651 1001 1681 vos
1039 1633 1223 1696 exiguo
1256 1634 1439 1695 pecori,
1475 1635 1709 1696 furesque
1748 1636 1962 1697 lupique,

969 1719 1182 1780 parcite:
1217 1718 1279 1763 de
1319 1734 1502 1779 magno
1541 1726 1617 1764 est
1654 1718 1841 1780 pra-eda
1877 1718 2096 1780 petenda
2131 1735 2298 1781 grege.

258 1800 410 1847 habet
443 1802 573 1848 enim
614 1801 707 1848 hoc
746 1818 867 1849 sane
895 1801 1056 1858 Pales,
1095 1802 1206 1847 illos
1245 1810 1298 1847 ut
1334 1819 1363 1846 a
1387 1802 1597 1847 lustrato
1638 1804 1791 1848 saeris
1829 1804 1930 1848 suis
1968 1819 2118 1866 grege
2157 1802 2391 1864 depellat,
2429 1801 2479 1847 id
2518 1801 2647 1863 quod
2688 1802 2791 1864 ipse

257 1883 484 1933 Tibullus
522 1895 695 1933 noster
732 1887 830 1933 alio
868 1887 980 1932 loco
1016 1886 1055 1931 11
1096 1890 1142 1945 5,
1180 1887 1241 1932 87
1276 1903 1344 1949 sq.
1384 1886 1711 1949 significavit:

821 1980 872 2019 at
908 1971 1139 2018 madidus
1176 1970 1373 2017 Baccho
1411 1987 1502 2018 sua
1536 1972 1665 2018 festa
1704 1971 1879 2018 Palilia
1916 1981 2087 2034 pastor

957 2057 1209 2104 concinet:
1248 2074 1276 2103 a
1313 2056 1521 2104 stabulis
1557 2064 1676 2104 tunc
1715 2057 1887 2118 procul
1929 2065 2035 2104 este
2074 2057 2189 2118 lupi.

255 2157 348 2185 nec
387 2142 449 2186 ab
489 2141 644 2187 altera
683 2147 820 2204 parte
857 2140 1126 2204 quidquam
1167 2141 1368 2188 obstare
1401 2140 1602 2189 videtur
1627 2140 1743 2202 quin
1783 2157 1872 2202 pro
1912 2141 2252 2187 incolumitate
2290 2141 2455 2203 gregis
2483 2154 2653 2186 votum
2694 2142 2793 2195 fiat,

255 2232 522 2287 postquam
554 2241 601 2272 v.
640 2226 702 2271 31
741 2241 813 2287 sq.
852 2225 914 2273 de
952 2242 1081 2287 agna
1120 2234 1169 2271 et
1205 2225 1398 2288 capella
1445 2225 1656 2272 desertis
1694 2243 1723 2271 a
1759 2235 1917 2271 matre
1955 2235 2004 2271 et
2042 2226 2245 2271 domum
2286 2226 2601 2289 reportandis
2641 2224 2795 2271 verba

253 2313 387 2355 i'aeta
424 2316 554 2356 sunt..
628 2318 676 2356 et
713 2309 983 2356 cohaerere
1023 2310 1144 2356 haec
1182 2310 1352 2356 onmia
1388 2309 1503 2356 inde
1541 2326 1570 2355 a
1607 2326 1651 2355 v.
1690 2310 1751 2354 25
1792 2326 1947 2372 usque
1985 2310 2048 2356 ad
2088 2327 2129 2357 v.
2168 2312 2231 2357 34
2269 2311 2525 2374 perspexit
2564 2309 2792 2357 Haasius.

482 2390 622 2451 Quae
660 2402 827 2442 tamen
867 2393 1032 2441 minus
1069 2394 1229 2456 probo
1267 2394 1402 2456 quod
1433 2403 1549 2456 post
1585 2412 1630 2441 v.
1658 2395 1686 2440 6
1712 2395 2036 2457 transposuit,
2074 2405 2127 2442 ut
2163 2404 2278 2458 post
2314 2396 2475 2458 ipsum
2515 2394 2793 2453 exordium,

254 2494 353 2540 quo
404 2478 578 2525 inertis
626 2478 758 2525 vitae
808 2486 983 2526 votum
1033 2480 1340 2538 continetur,
1399 2479 1565 2525 subito
1615 2480 1840 2525 exultare
1894 2478 2077 2542 gaudio
2132 2488 2380 2525 statuatur
2434 2487 2598 2541 poeta,
2645 2477 2794 2540 ‘quod

255 2561 458 2608 militiae
507 2561 764 2609 laboribus
814 2563 1074 2609 exsolutus
1120 2580 1245 2626 quos
1292 2565 1423 2610 ferre
1470 2563 1766 2625 nequiverat
1806 2563 1901 2609 iam
1940 2564 2086 2609 inerti
2125 2564 2255 2610 vitae
2293 2580 2346 2610 se
2386 2562 2569 2609 dedere
2608 2563 2792 2626 possit.’

255 2646 438 2707 probat
491 2646 724 2692 nimirum
777 2648 853 2693 vir
907 2646 1229 2695 doctissimus
1262 2646 1445 2712 Guyeti
1498 2648 1838 2694 coniecturam
1890 2664 1935 2694 v.
1972 2647 2033 2693 25
2070 2647 2186 2694 ‘iam
2227 2648 2387 2707 modo,
2437 2648 2537 2695 iam
2567 2650 2793 2710 possum]

255 2747 368 2778 cuin
422 2732 472 2777 in
526 2731 667 2779 libris
721 2731 969 2795 plerisque
1034 2732 1262 2780 tradatur
1323 2732 1442 2779 ‘iam
1502 2731 1642 2779 ‘modo
1706 2750 1799 2779 non
1855 2736 2083 2795 possum(
2147 2733 2242 2780 nisi
2305 2734 2438 2796 quod
2501 2733 2550 2780 in
2606 2733 2791 2780 Brouk·

256 2815 468 2863 husiano
521 2824 569 2863 et
622 2815 935 2864 Berolinensi
991 2834 1092 2865 uno
1149 2819 1296 2882 (quos
1351 2818 1529 2866 litteris
1584 2834 1632 2865 ee
1686 2818 2039 2867 Lachmannus
2094 2819 2331 2883 signavit)
2379 2836 2506 2866 mmo
2559 2836 2646 2881 pro
2701 2836 2794 2866 non

253 2903 461 2966 legitur,
521 2903 836 2950 manifestam
899 2911 1062 2965 autem
1126 2905 1464 2952 coniecturam
1523 2905 1731 2966 ‘possum
1790 2905 1963 2968 quippe
2022 2921 2102 2967 eqo
2163 2904 2276 2950 iam‘
2346 2906 2393 2951 in
2460 2904 2792 2967 Scaligeranis

254 2987 506 3050 excerptis
543 2987 736 3034 invenit
771 2986 1021 3035 Heinsius.
1083 2997 1133 3036 at
1170 2989 1349 3037 mirum
1388 2988 1586 3037 videtur
1620 2989 1833 3036 cundem
1870 3007 2026 3052 prope
2066 2990 2127 3036 ab
2167 2989 2307 3035 initio
2346 2990 2580 3035 carminis
2619 2990 2791 3035 laetari

252 3088 307 3119 se
345 3073 442 3118 iam
481 3070 617 3135 quod
654 3073 797 3120 unice
835 3073 1034 3136 placeat
1070 3072 1363 3120 adsecutum
1403 3091 1532 3134 esse,
1584 3076 1665 3137 qui
1702 3075 1750 3121 in
1789 3074 1980 3137 reliquo
2019 3084 2193 3137 optare
2231 3084 2280 3121 et
2318 3075 2449 3121 votis
2485 3090 2576 3136 pro
2614 3073 2788 3120 eadem

254 3173 323 3216 re,
380 3157 519 3203 cuius
573 3156 764 3203 scilicet
801 3173 1010 3220 compos
1063 3159 1159 3204 iam
1217 3160 1377 3205 faetus
1433 3159 1509 3219 sit,
1562 3158 1823 3222 indulgere
1876 3160 1962 3205 vix
2012 3158 2231 3205 desinat:
2291 3157 2406 3206 vide
2460 3159 2589 3206 infra
2640 3174 2686 3205 v.
2724 3159 2788 3204 41

251 3242 467 3305 requiro,
516 3245 580 3288 44
636 3241 681 3288 si
735 3240 865 3300 licet,
923 3243 988 3289 49
1041 3243 1124 3290 hoc
1176 3244 1297 3290 mihi
1350 3244 1604 3307 continqat.
1676 3245 1724 3290 in
1780 3245 1916 3290 exitu
1967 3244 2166 3306 quidem
2224 3261 2283 3291 eo
2339 3242 2681 3308 progreditur,
2736 3250 2789 3290 ut

252 3344 400 3392 quam
457 3332 721 3391 optaverat
767 3328 901 3376 vitae
955 3329 1201 3376 rationem
1259 3329 1357 3376 iam
1410 3330 1558 3392 paulo
1612 3330 1820 3376 fortiore
1858 3328 2055 3376 dicendi
2094 3328 2246 3375 modo
2283 3330 2589 3392 propositam
2634 3328 2789 3374 menti

252 3420 304 3461 et
339 3412 661 3461 constitutam
700 3411 829 3476 apud
867 3429 921 3460 sc
959 3422 1096 3461 certo
1134 3414 1345 3461 consilio
1383 3431 1492 3462 esse
1529 3415 1789 3477 significet.
1862 3431 1986 3478 quae
2032 3431 2143 3461 cum
2182 3415 2252 3461 ita
2287 3415 2411 3473 sint,
2466 3413 2787 3461 coniunct1vo
