3029 3669
1522 87 1553 130 4

264 226 367 274 der
398 226 724 276 Gedanken
761 227 821 275 in
856 226 988 275 sich
1024 246 1085 276 so
1120 228 1536 292 qeschlossen,
1573 228 1720 277 dass
1755 229 1888 276 eine
1918 238 2199 293 yro‘ssere
2228 230 2430 280 Masse
2464 231 2811 280 sicltweder

266 311 699 360 herauszz'elzen
735 313 884 360 noch
921 312 1109 360 durch
1157 312 1538 378 Um‘stelluny
1574 314 1858 378 einfz‘lqen
1894 314 2086 363 liisstf‘

490 396 623 459 Ergo
662 397 834 461 quidni
867 398 915 444 in
956 399 1042 445 illa
1077 415 1275 463 quoque
1313 405 1470 464 parte,
1505 398 1590 447 ubi
1627 398 1871 463 quaedam
1904 399 1944 448 si
1976 399 2289 464 corrigantur
2313 400 2544 449 iniuriam
2569 419 2673 450 non
2697 402 2810 450 fieri

264 491 443 546 poetae
482 481 838 549 Bernhardyus
888 484 1038 531 etiam
1091 484 1315 547 largitur,
1364 483 1747 547 circumspicere
1794 483 1943 531 liceat
1990 499 2109 530 num
2157 501 2261 530 non
2309 485 2474 532 minus
2522 494 2807 534 accuratam

264 560 682 630 compositionem
720 567 959 633 inda-gare
995 568 1280 632 possimus?
1320 585 1376 615 ac
1413 566 1629 632 primum
1667 566 1878 616 deorum
1917 585 2042 630 quos
2081 585 2133 615 se
2170 569 2402 615 venerari
2439 569 2560 616 dicit
2577 569 2807 617 Tibullus

263 669 310 697 v.
348 653 410 695 11
451 667 553 714 sqq.
604 652 834 699 ordinem
878 652 1122 700 immixtis
1166 652 1342 701 alienis
1391 651 1543 700 rebus
1596 649 1890 699 distractum
1938 669 2047 698 esse
2096 652 2193 697 iam
2241 652 2466 717 Scaliger
2510 654 2658 715 vidit,
2711 670 2807 704 nec

265 734 463 783 Disseni
511 736 732 785 artificiis
779 736 869 785 has
915 735 1093 785 turbas
1142 736 1371 785 excusari
1420 736 1541 785 satis
1588 735 1810 784 ostendit
1856 735 2073 783 Haasius
2121 754 2165 800 p.
2212 737 2294 782 12.
2338 736 2426 784 sed
2472 737 2553 785 hic
2597 742 2668 803 (p.
2716 740 2806 801 11)

264 818 552 883 Priapum
601 837 730 883 aegre
779 823 946 869 ferens
996 821 1103 869 sine
1149 839 1357 867 munere
1415 822 1654 883 appellari
1704 838 1749 865 v.
1784 822 1846 864 17
1887 837 1982 883 sq.,
2032 836 2143 866 cum
2194 821 2347 868 ceteri
2391 835 2482 869 sua
2528 821 2622 870 sibi
2670 820 2808 872 dona

268 902 537 965 haberent,
584 901 646 954 ad
695 903 911 955 eundem
959 906 1212 969 pertinere
1262 906 1457 968 putavit
1491 907 1703 952 alterum
1742 905 1990 952 distichon
2031 922 2075 951 v.
2118 908 2178 952 13
2217 922 2312 970 sq.,
2348 922 2445 970 quo
2483 906 2686 955 nomine
2723 906 2807 957 dei

267 989 453 1037 omisso
493 1006 673 1036 munus
712 989 755 1036 ei
794 990 1018 1038 oblatum
1066 992 1445 1055 significaretur.
1517 991 1640 1037 haec
1677 991 1828 1055 igitur
1864 989 2215 1054 componenda
2253 1006 2361 1040 esse
2399 990 2494 1039 sibi
2529 992 2801 1055 persuasit:

698 1075 760 1122 17
838 1077 1159 1138 pomosisque
1195 1077 1347 1123 ruber
1383 1084 1554 1122 custos
1586 1084 1806 1139 ponatur
1841 1076 1892 1122 in
1929 1075 2104 1135 hortis,
2799 1078 2804 1082 ’

962 1169 1150 1208 terreat
1187 1169 1242 1208 ut
1279 1178 1432 1209 saeva
1470 1161 1595 1209 falce
1634 1160 1845 1224 Priapus
1883 1176 2019 1219 aves,

703 1247 760 1293 13
835 1255 884 1293 ct
922 1247 1270 1310 quodcumque
1311 1246 1431 1293 mihi
1466 1263 1670 1310 pomum
1708 1262 1872 1293 novus
1911 1245 2090 1293 educat
2126 1262 2302 1305 annus,

963 1331 1171 1378 libatum
1211 1331 1485 1395 agricolam
1522 1331 1727 1395 ponitur
1763 1339 1878 1378 ante
1917 1330 2081 1377 deum.

265 1432 412 1478 quam
481 1415 821 1481 coniecturam
875 1432 1084 1463 assensu
1139 1433 1230 1462 suo
1286 1424 1335 1462 et
1387 1415 1745 1479 Bernhardyus
1797 1416 1825 1462 l.
1872 1416 1900 1461 l.
1957 1415 2303 1478 comprobavit
2366 1422 2415 1462 et
2482 1415 2564 1479 qui
2621 1414 2806 1463 Tibulli

252 1500 485 1547 'carmina
520 1516 683 1562 nuper
731 1500 779 1546 in
830 1507 1057 1546 nostrum
1103 1517 1388 1547 sermonem
1437 1501 1585 1548 vertit
1624 1501 1875 1547 Antonius
1913 1499 2072 1547 Eberz
2123 1500 2173 1547 in
2218 1498 2542 1547 adnotatione
2589 1498 2804 1563 quadam

261 1584 374 1631 libri
425 1585 499 1631 sui
537 1600 582 1648 p.
619 1586 716 1631 135
766 1601 834 1648 sq.
889 1592 939 1632 at
987 1584 1108 1632 mihi
1155 1583 1391 1632 videntur
1428 1585 1527 1645 illa,
1577 1586 1770 1634 etiamsi
1814 1585 1985 1633 nescio
2034 1601 2131 1648 quo
2178 1602 2294 1633 casu
2344 1586 2392 1632 in
2442 1584 2582 1633 libris
2619 1587 2806 1635 nostris

264 1679 527 1733 compacta
572 1679 765 1729 essent,
814 1680 981 1717 tamen
1033 1670 1267 1718 omnibus
1319 1670 1561 1719 machinis
1602 1671 1899 1720 dissecanda
1949 1670 2114 1734 potius
2165 1687 2274 1718 esse
2318 1688 2464 1733 quam
2523 1671 2805 1718 conflanda.

262 1773 379 1802 nam
420 1756 515 1802 hoc
556 1763 609 1802 ut
645 1757 860 1819 primum
898 1771 1155 1815 moneam,
1200 1764 1401 1819 praeter
1436 1755 1698 1804 molestam
1741 1764 1887 1818 atque
1925 1755 2149 1803 inutilem
2196 1754 2420 1802 eiusdem
2465 1756 2601 1803 verbi
2629 1773 2807 1819 ponere

265 1841 615 1903 repetitionem
662 1842 822 1904 magis
876 1841 1023 1888 etiam
1069 1840 1300 1904 displicet
1345 1840 1611 1889 modorum
1653 1849 1867 1903 ponatur
1915 1849 1963 1887 et
2002 1840 2202 1902 ponitur
2248 1840 2543 1887 differentia.
2625 1841 2806 1903 quibus

263 1926 356 1971 hac
392 1927 442 1971 in
480 1925 713 1971 carminis
749 1934 890 1987 parte
917 1924 1144 1972 Tibullus
1182 1925 1251 1972 ita
1289 1924 1456 1983 utitur,
1494 1933 1548 1971 ut
1585 1941 1710 1987 quae
1748 1924 1980 1972 sollemni
2018 1941 2047 1970 a.
2083 1941 2135 1971 se
2162 1924 2404 1987 religione
2437 1925 2543 1972 fieri
2572 1924 2805 1973 adfirmat

264 2027 405 2058 sacra
448 2009 740 2067 indicativo,
789 2026 913 2072 quae
961 2010 1208 2072 promittit
1251 2010 1573 2055 coniunctivo
1622 2009 1773 2056 modo
1824 2010 1902 2055 vel
1952 2010 2119 2055 futuro
2156 2019 2384 2073 tempore
2421 2007 2621 2057 indicet.
2693 2025 2806 2073 pro·

263 2095 414 2144 mittit
479 2103 646 2143 autem
711 2092 882 2142 Cereri
942 2097 1010 2153 (v.
1066 2095 1128 2140 15
1192 2093 1274 2152 sit,
1336 2096 1398 2139 16
1456 2095 1723 2156 pendeat),
1777 2094 1959 2157 Priapo
2022 2099 2089 2156 (v.
2144 2095 2205 2140 17
2268 2095 2535 2156 ponatur),
2596 2093 2806 2143 Laribus

262 2181 330 2242 (v.
377 2179 680 2246 23xeadet)3
750 2187 925 2226 contra
977 2179 1024 2224 in
1073 2179 1169 2226 illis
1214 2179 1297 2242 qui
1348 2179 1652 2226 antecedunt
1703 2179 1932 2226 versibus
1986 2179 2183 2225 11--14
2223 2177 2341 2240 quid
2389 2178 2549 2226 soleat
2597 2178 2805 2226 honoris

260 2264 368 2311 deis
421 2264 641 2311 tribuere
697 2265 961 2327 profitetur
1014 2267 1231 2321 (veneror
1285 2279 1328 2309 v.
1385 2265 1447 2308 11
1504 2270 1554 2309 et
1596 2263 1796 2326 ponitur
1849 2280 1894 2310 v.
1933 2264 2021 2322 14,
2084 2263 2202 2310 item
2256 2263 2394 2322 fertis
2447 2279 2492 2310 v.
2540 2263 2641 2326 20).
2714 2263 2803 2312 sed

261 2348 501 2414 ponendo
540 2349 686 2397 etiam
727 2346 895 2411 Priapi
932 2348 1075 2410 signo
1114 2348 1337 2410 promitti
1375 2366 1527 2412 poma
1563 2349 1831 2408 debebant,
1869 2365 1930 2396 ne
1969 2356 2201 2413 poterant
2238 2348 2437 2413 quidem
2475 2347 2673 2397 deferri.

485 2432 617 2497 Ergo
670 2433 901 2497 ‘ayricola
955 2433 1084 2478 ‹leus'
1135 2431 1346 2496 Priapus
1401 2442 1534 2481 certe
1565 2425 1691 2481 non
1747 2443 1845 2494 est,
1914 2434 2048 2498 quod
2116 2434 2264 2481 etiam
2325 2433 2434 2481 aliis
2489 2436 2799 2497 argumentis

257 2519 474 2582 probare
520 2536 801 2582 possumus.
870 2535 985 2564 nam
1034 2517 1211 2563 eadem
1257 2519 1526 2582 appellatio
1574 2535 1677 2567 non
1724 2518 1894 2566 addit-o
1942 2525 2078 2566 certo
2125 2519 2329 2567 nomine
2382 2535 2493 2565 cum
2542 2517 2716 2565 redeat
2750 2518 2803 2566 in

258 2606 459 2666 quintae
498 2605 687 2666 elegiae
716 2620 864 2649 versu
892 2604 970 2663 27,
1009 2611 1403 2650 consentaneum
1429 2612 1517 2663 est,
1544 2602 1605 2649 de
1633 2619 1730 2666 quo
1757 2603 1848 2666 ipsi
1875 2601 2061 2651 Haasio
2090 2620 2202 2651 cum
2233 2603 2410 2650 ceteris
2442 2602 2804 2666 interpretibus

260 2690 517 2749 convenit,
563 2688 778 2736 eundem
828 2695 1038 2753 utroque
1076 2688 1189 2736 loco
1245 2688 1393 2735 deum
1444 2704 1473 2736 a
1517 2695 1669 2750 poeta
1715 2687 1950 2751 intellegi.
2023 2688 2157 2751 atqui
2208 2696 2379 2735 narrat
2426 2688 2525 2733 illic
2572 2686 2803 2736 Tibullus

258 2790 405 2839 quam
443 2774 538 2821 sibi
579 2790 692 2821 cum
730 2771 874 2821 Delia
905 2774 1061 2821 vitam
1087 2773 1137 2820 in
1165 2790 1278 2821 rure
1312 2773 1596 2822 felicissime
1623 2772 1904 2838 degendam
1949 2773 2166 2831 finxerit,
2205 2790 2502 2837 quamquam
2540 2774 2801 2822 ‘renuente

257 2859 385 2907 deo!
437 2875 554 2906 rura
592 2875 645 2906 se
683 2859 949 2918 culturum,
987 2859 1185 2921 frugum
1226 2858 1519 2922 pecorisque
1553 2859 1813 2906 custodem
1855 2867 1902 2905 et
1946 2857 2199 2904 dominam
2228 2857 2516 2905 dulcissimo
2543 2858 2802 2906 consortio

257 2943 351 2990 sibi
389 2942 675 2990 adfuturam
716 2959 826 2991 esse
865 2941 1076 3002 Deliam,
1114 2951 1318 3005 tumque
1357 2943 1544 3006 pergit:

824 3027 907 3074 illa
943 3027 1040 3075 deo
1080 3029 1205 3075 sciet
1242 3029 1492 3092 agricolae
1530 3045 1620 3091 pro
1658 3029 1843 3075 vitibus
1881 3045 2046 3087 uvam,

888 3129 980 3176 pro
1019 3123 1190 3176 segete
1229 3114 1408 3176 spicas,
1444 3131 1535 3176 pro
1574 3130 1724 3177 grege
1762 3115 1891 3160 ferre
1933 3115 2126 3176 dapem.

822 3197 906 3245 illa
941 3207 1085 3262 regat
1121 3207 1346 3259 cunctos,
1386 3199 1454 3245 illi
1490 3200 1590 3246 sint
1627 3199 1824 3246 omniae
1862 3215 2037 3245 curae:

890 3292 939 3331 at
975 3284 1114 3332 iuvet
1151 3285 1199 3331 in
1240 3294 1346 3331 tota
1386 3301 1463 3331 me
1501 3285 1623 3331 nihil
1661 3301 1770 3332 esse
1809 3285 1974 3331 domo.

256 3384 319 3416 an
357 3367 597 3432 putabitis
635 3384 759 3430 quae
799 3368 1027 3433 coniugis
1063 3369 1176 3417 loco
1215 3370 1487 3418 haberetur
1523 3371 1735 3417 amicam
1760 3370 1943 3417 Tibulli
1971 3369 2232 3418 sollemnia
2270 3385 2479 3416 munera
2516 3369 2799 3418 oblaturam

254 3454 407 3501 fuisse
445 3453 722 3501 mentulato
770 3453 894 3513 deo,
946 3471 1093 3517 quem
1141 3455 1305 3503 visere
1353 3473 1454 3503 non
1500 3456 1731 3504 solebant-
1780 3456 1874 3503 nisi
1912 3456 2080 3503 furtim
2130 3455 2533 3518 inpudicissimae
2572 3470 2798 3518 quaeque
