3029 3669
1448 70 1476 118 7

194 229 343 278 quem
390 212 674 262 Hit-meliana
733 212 885 262 editio
938 213 1146 264 exhibet
1196 214 1382 278 possim
1438 232 1560 266 sane
1610 228 1737 280 opus
1781 226 1886 268 estx
1939 226 1992 268 et
2034 220 2085 268 in
2127 219 2279 268 simili
2323 220 2463 280 loco,
2516 235 2580 267 ne
2630 218 2729 266 alia.

198 299 428 363 exempla
466 299 819 348 usitatissimae
856 300 1169 364 corruptelae
1207 317 1468 365 quaeram,
1524 301 1590 352 111
1628 304 1788 362 4,.82
1846 304 1928 352 ubi
1978 317 2111 353 recte
2156 306 2338 369 legitur
2387 306 2467 354 ‘ab
2515 322 2611 370 ego
2659 321 2726 353 ne

195 384 383 449 possim
420 394 560 434 tanta
596 384 766 433 videre
803 386 976 433 malal‘
1005 403 1205 449 possum
1239 387 1290 434 in
1326 387 1498 436 codice
1517 388 1830 438 Berolinensi
1862 390 1938 453 (d)
1975 400 2026 438 et
2060 392 2112 438 in
2132 392 2315 439 Aldina
2350 394 2536 439 factum
2563 400 2655 440 est.

421 471 495 519 Ac
530 471 745 519 fortasse
781 471 1048 521 toleranda
1086 473 1222 538 ‚haec
1269 489 1386 535 pars
1419 474 1615 538 integra
1649 491 1741 523 suo
1778 476 1892 523 loco
1930 484 2086 533 esset,
2131 478 2358 538 quamvis
2398 476 2611 525 deorum
2649 476 2721 523 in·

197 557 513 603 vocationem
551 572 594 603 v.
633 557 694 603 37
734 556 1074 603 continuatam
1112 557 1232 604 satis
1267 557 1478 606 moleste
1513 558 1877 623 interrumpere
1904 559 2149 620 videatur,
2186 561 2229 607 si
2264 560 2451 624 reliqua
2487 576 2610 608 sana
2640 560 2724 607 vel

195 640 443 687 tolerabili
495 641 670 687 saltem
726 640 900 688 ordine
950 642 1230 705 composita
1279 650 1461 690 essent.
1530 652 1721 691 verum'
1753 660 1855 692 non
1900 646 2027 708 fugit
2064 644 2305 693 Haasium
2350 644 2484 708 quod
2520 660 2722 692 versum

196 728 225 773 6
264 725 485 789 sequitur
523 724 772 772 distichon

701 811 806 873 ipse
844 828 1006 857 seram
1043 820 1243 858 teneras
1280 821 1476 858 mat-uro
1510 821 1738 875 tempore
1774 815 1903 861 vites

822 895 1034 942 rusticus
1072 904 1121 943 et
1159 895 1289 943 facili
1328 895 1537 960 grandia
1573 913 1722 959 poma
1758 914 1909 945 manu

194 1014 296 1045 non
335 999 429 1044 huc
467 999 743 1061 pertinere,
780 997 863 1044 ubi
902 997 1114 1044 rusticae
1151 998 1283 1045 vitae
1334 999 1573 1048 securitas
1612 1009 1909 1060 exornatur,
1954 1001 2044 1049 sed
2081 1001 2195 1048 illuc
2234 1000 2317 1048 ubi
2356 1000 2580 1064 quamvis
2617 1000 2722 1048 otio

194 1082 392 1129 deditus
428 1092 596 1129 tamen
634 1099 735 1128 non
774 1083 942 1129 omnia
979 1099 1031 1129 se
1071 1099 1224 1145 opera
1260 1082 1538 1131 detractare
1576 1083 1809 1131 adfirmat
1845 1094 1992 1148 poeta
2027 1102 2074 1138 v.
2112 1085 2176 1133 29
2214 1102 2338 1150 sqq.:

701 1184 793 1214 nee
831 1176 998 1214 tamen
1034 1167 1281 1215 interdum
1322 1169 1504 1230 pudeat
1540 1170 1761 1217 tenuisse
1799 1169 2028 1218 bidentes

819 1259 903 1299 aut
939 1252 1139 1299 stimulo
1176 1252 1348 1299 tardos
1383 1253 1690 1316 increpuisse
1730 1253 1901 1311 boves,

702 1354 803 1383 non
842 1354 1087 1399 agnamve
1126 1340 1236 1385 sinu
1274 1339 1438 1400 pigeat
1476 1339 1697 1385 fetumve
1734 1339 1954 1401 capellae

819 1421 1069 1468 desertum
1109 1422 1265 1468 oblita
1301 1431 1457 1467 matre
1492 1423 1680 1468 referre
1717 1423 1936 1469 domum.

197 1526 374 1589 quibus
429 1525 469 1572 si
519 1525 773 1589 Scaligero
830 1535 1032 1572 auctore
1086 1526 1467 1588 praemittuntur
1514 1542 1559 1573 v.
1600 1526 1626 1572 7
1677 1544 1747 1589 sq.
1803 1530 1940 1582 (nam
1997 1527 2227 1590 postponi
2283 1536 2417 1575 vetat
2471 1526 2720 1574 distichon

197 1630 241 1658 v.
281 1613 342 1657 33
383 1629 468 1673 sq„
507 1610 640 1673 quod
678 1610 892 1657 vidimus
930 1627 1041 1656 cum
1069 1610 1408 1672 superioribus
1435 1627 1682 1657 conexum
1722 1614 1867 1670 esse),
1912 1612 2123 1673 primum
2162 1613 2356 1674 frugum
2396 1610 2720 1658 serendarum

198 1712 365 1741 curam
404 1696 699 1752 faciliorem,
755 1694 934 1741 deinde
989 1712 1113 1757 quae
1171 1695 1458 1741 molestiora
1510 1694 1667 1740 videri
1725 1704 1934 1757 possunt
1988 1696 2224 1743 arationis
2269 1704 2318 1743 et
2350 1696 2418 1742 rei
2459 1696 2720 1758 pecuariae

198 1797 351 1843 opera
388 1779 630 1842 quaedam
665 1780 758 1826 sibi
798 1779 1029 1838 vindicat,
1063 1795 1205 1842 quem
1236 1796 1325 1825 nee
1353 1781 1484 1826 fures
1509 1779 1753 1843 luposque
1791 1798 1819 1825 a
1851 1796 2001 1843 grege
2040 1796 2222 1839 arcere,
2261 1779 2394 1842 quod
2433 1779 2719 1842 proximum

200 1875 300 1921 est,
362 1865 576 1911 alienum
639 1881 667 1910 a
728 1881 780 1911 se
842 1864 1026 1910 habere
1093 1864 1370 1927 oportebat.
1448 1880 1502 1910 ac
1556 1862 1769 1911 decebat
1829 1865 2003 1912 horum
2065 1864 2291 1911 laborum
2353 1864 2720 1927 professionem

199 1949 263 1995 ibi
315 1949 625 2011 potissimum
675 1948 934 2011 subiungi,
987 1966 1050 1996 ne
1098 1949 1205 2011 quis
1259 1956 1454 2012 putaret
1507 1966 1656 1996 omne
1712 1966 1798 2012 per
1841 1958 2037 2012 tempus
2085 1950 2298 1996 otiosum
2355 1958 2554 2011 poetam
2605 1964 2722 1994 con-

197 2044 388 2082 tentum
428 2035 533 2080 fore

704 2120 840 2165 canis
878 2121 1096 2166 aestivos
1134 2129 1272 2166 ortus
1307 2120 1463 2166 vitare
1499 2119 1592 2165 sub
1631 2119 1808 2164 umbra

824 2205 1015 2251 arboris
1054 2204 1116 2251 ad
1153 2206 1290 2252 rivos
1328 2203 1690 2267 praetereuntis
1727 2220 1898 2266 aquae,

198 2306 331 2370 quod
382 2315 522 2369 optat
566 2307 794 2354 versibus
844 2308 1070 2371 proxime
1121 2306 1530 2355 antecedentibus
1579 2306 1640 2353 27
1680 2324 1748 2370 sq.
1787 2306 1847 2354 de
1896 2305 2257 2369 coniungendis
2309 2306 2458 2369 igitur
2495 2322 2539 2352 v.
2579 2305 2605 2351 7
2648 2322 2719 2367 sq.

199 2408 309 2438 cum
350 2392 544 2437 29—32
583 2392 845 2439 consentio
886 2409 996 2439 cum
1036 2392 1290 2455 Scaligero
1331 2402 1379 2438 et
1417 2390 1616 2450 Haasio,
1665 2390 1751 2438 sed
1793 2402 1844 2436 ut.
1881 2408 1971 2438 nec
2010 2390 2154 2436 huius
2199 2391 2324 2436 ratio
2364 2390 2575 2451 placeat,
2623 2407 2722 2452 qua

199 2475 456 2539 plantandi
504 2493 657 2538 opera
706 2485 818 2538 post
865 2489 1063 2522 versum
1111 2475 1309 2522 demum
1360 2478 1420 2522 34
1468 2476 1632 2522 minus
1681 2475 1942 2522 commode
1992 2484 2044 2521 ut
2088 2474 2249 2521 sentio
2293 2473 2443 2519 inlata
2477 2483 2576 2531 est,
2628 2490 2721 2519 nec

198 2560 333 2606 illum
373 2560 580 2622 probem
619 2560 700 2623 qui
739 2570 909 2623 erepta
946 2578 972 2607 e
1011 2577 1207 2607 conexu
1245 2578 1335 2607 suo
1374 2556 1486 2624 post
1522 2577 1567 2606 v.
1605 2561 1671 2607 10
1707 2561 1844 2623 sequi
1882 2560 2053 2606 voluit.

423 2643 523 2691 Sed
560 2644 679 2691 illud
719 2662 912 2709 quoque
952 2646 1380 2709 ingeniosissimus
1416 2647 1491 2693 vir
1527 2646 1782 2709 praeclare
1811 2645 2114 2691 intellexisse
2146 2642 2356 2701 videtur,
2396 2641 2529 2706 quod
2567 2643 2723 2689 miror

200 2731 447 2793 sprevisse
486 2729 741 2790 Haasium,
780 2731 1001 2794 expulsis
1039 2748 1079 2777 v.
1120 2731 1145 2776 7
1186 2748 1255 2793 sq.
1296 2731 1479 2795 optime
1516 2731 1651 2778 coire
1691 2747 1734 2777 v.
1772 2733 1802 2777 6
1840 2747 1949 2777 euin
1981 2731 2012 2776 9
2046 2747 2143 2794 sq.:

706 2834 784 2864 me
822 2834 933 2863 mea
970 2825 1236 2880 paupertas
1274 2817 1376 2863 vit-a
1410 2815 1640 2863 traducat
1675 2816 1835 2876 inerti,

821 2902 938 2946 dum
977 2918 1118 2947 meus
1155 2900 1355 2947 assiduo
1393 2901 1557 2947 luceat
1592 2901 1706 2965 igne
1745 2902 1900 2956 focus,

704 3003 794 3032 nec
833 2988 957 3049 Spes
996 2985 1247 3045 destituat,
1285 2984 1372 3031 sed
1409 2984 1604 3049 frugum
1643 3000 1841 3047 semper
1877 2975 2085 3030 acervos

820 3071 1059 3133 praebeat
1098 3078 1146 3116 et.
1184 3070 1331 3132 pleno
1370 3069 1570 3132 pinguia
1608 3077 1771 3114 musta
1807 3069 1929 3113 lacu.

198 3188 358 3235 neque
409 3174 538 3221 enim
592 3173 741 3221 video
792 3190 878 3220 cur
925 3191 1025 3220 non
1065 3172 1212 3235 Spem
1264 3171 1410 3218 deam
1456 3182 1604 3233 poeta
1653 3171 1730 3217 hic
1779 3186 1973 3232 quoque
2011 3170 2322 3218 intellexisse
2362 3170 2609 3233 putandus
2647 3171 2724 3227 sit,

181 3256 281 3319 'qui
318 3257 413 3304 alio
447 3258 560 3305 loco
599 3257 643 3305 II
681 3260 725 3317 6,
765 3259 824 3305 21
865 3275 935 3320 sq.
973 3258 1207 3305 cecinerit
1244 3257 1389 3305 haec:

703 3355 828 3418 Spes
865 3356 951 3402 alit
987 3355 1243 3418 agricolas,
1283 3352 1407 3416 Spes
1445 3352 1593 3399 sulcis
1631 3351 1786 3398 credit
1825 3352 1974 3399 aratis

823 3440 1027 3498 semina,
1066 3456 1190 3501 quae
1228 3455 1416 3500 magno
1454 3439 1625 3485 fenore
1662 3436 1840 3485 reddat
1876 3454 1996 3500 ager
2033 3454 2074 3484 e.
2112 3454 2155 3499 q.
2188 3452 2225 3482 s.
