3029 3669
1448 30 1572 112 v1²

269 206 444 275 priore
476 207 552 259 adz
577 207 789 257 alterum
827 207 994 257 locum
1029 207 1268 257 deerrans
1293 216 1406 272 post
1431 206 1657 256 Aeneida
1680 225 1798 268 non,
1834 218 1889 257 ut
1913 224 2002 272 par
2028 217 2148 273 erat,
2186 215 2235 258 et
2263 224 2431 257 rerum
2466 217 2516 257 et
2550 210 2795 273 temporis

233 274 236 278 ’
272 275 468 326 ratione
503 274 670 324 minus
705 275 774 324 ab
806 275 899 324 hac
931 284 1130 336 remota
1164 283 1432 340 praecepta
1464 274 1649 322 ruralia
1684 286 1734 323 et
1769 274 1987 324 divinam
2027 274 2252 340 eclogam
2310 273 2379 323 lv
2414 274 2667 336 laudaret,
2704 274 2794 326 sed

153 353 156 357 ·
233 341 239 387 ζ
272 342 442 391 statim
456 339 673 406 Thyrsin
712 349 762 391 et
796 340 1030 406 Daphnin
1068 334 1276 390 inferret
1312 349 1362 388 et
1395 333 1625 388 absoluta
1660 340 1862 389 demum
1898 341 1992 389 hac
2028 351 2167 407 parte
2204 341 2339 405 quod
2370 357 2521 405 supra
2557 342 2795 390 omiserat

271 407 387 457 loco
422 406 729 457 alienissimo
763 407 1056 456 intruderet.
1102 425 1201 472 quo
1228 407 1476 472 patefacto
1501 423 1671 454 errore
1698 408 1864 455 omnia
1901 417 1956 456 ut
1980 425 2042 456 ne
2078 408 2346 456 litterulam
2384 406 2582 471 quidem
2609 408 2794 457 mutari

274 489 402 539 opus
437 472 503 523 sit
535 473 688 538 plana
721 482 771 524 et
806 490 930 524 sana
963 474 1091 523 fiunt
1126 473 1223 522 hoc
1259 471 1434 523 ordine
1469 481 1733 521 context-a:

295 557 298 560 ’
782 558 863 589 me
898 541 1037 588 iuvet
1071 540 1319 589 hesternis
1356 540 1572 603 positum
1608 539 1845 602 languere
1883 541 2127 603 corrollis,
2450 542 2514 588 59

897 623 1045 671 quem
1079 606 1245 671 tetigit
1278 607 1408 654 iactu
1447 616 1613 654 certus
1648 604 1710 653 ad
1740 622 1863 655 ossa
1894 605 2034 666 deus,

783 673 930 722 Actia
966 671 1243 738 Vergilium
1280 671 1503 721 custodis
1539 671 1687 719 litora
1721 670 1915 720 Phoebi

900 738 1128 788 Caesaris
1165 748 1216 788 et
1251 740 1407 787 fortes
1443 738 1609 786 dicere
1646 754 1792 803 posse
1829 748 1979 799 rates,

781 807 865 869 qui
901 822 1032 853 nunc
1070 806 1273 854 Aeneae
1310 804 1513 853 Troiani
1549 805 1755 853 suscitat
1790 821 1929 852 arma

897 872 1124 936 iactaque
1163 871 1364 920 Lavinis
1399 872 1600 919 moenia
1635 870 1878 919 litoribus.

782 937 944 986 cedite
979 936 1191 986 Romani
1228 939 1517 1002 scriptores,
1550 936 1709 984 cedite
1747 935 1890 986 Grai:
2448 940 2510 986 65

895 1004 1065 1054 nescio
1102 1004 1221 1069 quid
1256 1005 1415 1052 maius
1450 1004 1671 1052 nascitur
1709 1002 1873 1052 lliade.

785 1081 840 1120 tu
877 1072 1015 1120 canis
1050 1071 1255 1120 Ascraei
1292 1071 1476 1119 veteris
1508 1080 1774 1135 praecepta
1805 1079 1999 1134 poetae,
2451 1072 2511 1118 77

902 1155 999 1202 quo
1038 1154 1183 1202 seges
1218 1138 1268 1185 in
1306 1154 1501 1201 campo,
1533 1153 1630 1200 quo
1667 1137 1797 1184 viret
1833 1153 1931 1184 uva
1966 1137 2097 1202 iugo.

778 1205 879 1254 tale
913 1204 1036 1253 facis
1072 1220 1289 1264 carmen,
1326 1203 1475 1252 docta
1509 1202 1760 1252 testudine
1798 1203 1941 1268 quale

898 1270 1143 1337 Cynthius
1177 1271 1407 1335 inpositis
1441 1279 1687 1335 temperat
1723 1270 1955 1318 articulis.
2448 1272 2513 1318 80

780 1348 832 1385 tu
870 1338 1006 1385 canis
1044 1339 1266 1385 umbrosi
1303 1338 1474 1385 subter
1510 1338 1678 1400 pineta
1708 1335 1908 1385 Galaesi
2448 1339 2510 1385 67

897 1402 1112 1468 Thyrsin
1150 1413 1201 1452 et
1236 1404 1416 1451 attritis
1455 1402 1686 1467 Daphnin
1724 1403 2068 1462 arundinibus,

780 1480 930 1535 utque
967 1470 1139 1518 decem
1179 1472 1374 1535 possint
1408 1487 1727 1533 corrumpere
1762 1471 1894 1516 mala
1930 1471 2122 1533 puellas

895 1537 1077 1597 missus
1113 1546 1162 1585 et
1197 1537 1435 1601 inpressis
1469 1536 1661 1584 haedus
1697 1536 1758 1582 ab
1796 1536 2046 1583 uberibus.
2449 1537 2512 1583 70

776 1604 913 1662 felix,
949 1604 1031 1665 qui
1067 1603 1193 1651 viles
1228 1604 1387 1666 pomis
1423 1603 1657 1651 mercaris
1691 1602 1908 1649 amores!

896 1668 1009 1716 huic
1046 1669 1160 1717 licet
1196 1667 1658 1734 ingratae-Tityrus
1693 1669 1797 1732 ipse
1835 1675 1994 1715 canat.

778 1736 897 1783 felix
936 1736 1174 1784 intactum
1214 1736 1449 1802 Corydon
1488 1736 1569 1799 qui
1605 1744 1817 1798 temptat
1852 1736 2033 1782 Alexin

895 1802 1144 1867 agricolae
1178 1802 1367 1850 domini
1405 1819 1607 1865 carpere
1644 1802 1869 1850 delicias!

769 1870 996 1931 quamvis
1032 1870 1114 1916 ille
1151 1870 1439 1917 sua'lassus
1473 1870 1752 1931 requiescat
1787 1885 1963 1927 avena,

896 1935 1127 1984 laudatur
1162 1936 1320 1984 facilis
1356 1936 1486 1984 inter
1521 1933 1897 1998 hamadryadas.
2448 1935 2510 1981 76

778 2017 879 2048 non
916 2010 1085 2049 tamen
1123 2001 1245 2050 haec
1282 2002 1368 2050 ulli
1405 2001 1609 2049 venient
1643 2001 1837 2063 ingrata
1872 2000 2074 2063 legenti,
2445 2002 2508 2047 81

892 2068 997 2115 sive
1034 2068 1084 2114 in
1122 2083 1292 2115 amore
1327 2067 1465 2115 rudis
1501 2067 1606 2114 sive
1643 2067 1829 2130 peritus
1867 2067 1971 2113 erit.

775 2149 868 2181 nec
904 2134 1069 2181 minor
1100 2133 1180 2181 hic
1217 2134 1410 2193 animis,
1450 2142 1535 2182 aut
1570 2133 1611 2181 si
1647 2133 1827 2192 minor,
1865 2148 1951 2181 ore
1989 2147 2204 2181 canorus

895 2200 1090 2248 anseris
1127 2200 1330 2249 indocto
1368 2200 1586 2247 carmine
1624 2200 1772 2247 cessit
1811 2200 1933 2246 olor.

267 2271 324 2312 ut
358 2264 607 2313 sententia
641 2272 981 2314 extremorum
1020 2284 1254 2315 versuum
1305 2266 1428 2314 haec
1472 2264 1677 2313 evadat:
1732 2283 1834 2312 non
1879 2266 2007 2313 inter
2042 2263 2290 2330 nymphas
2325 2274 2518 2313 tantum
2554 2264 2787 2313 laudatur

267 2329 533 2396 Corydon,
570 2331 659 2379 sed
697 2332 930 2381 omnibus
963 2329 1042 2381 vel
1078 2333 1304 2398 inperitis
1342 2332 1526 2381 amoris
1561 2332 1761 2396 placent
1805 2349 1929 2396 quae
1967 2329 2261 2397 Corydones
2298 2339 2348 2378 et
2382 2330 2539 2396 Tityri
2575 2341 2786 2391 canunt-3

266 2412 360 2446 nec
396 2397 447 2445 in
484 2396 581 2446 hoc
617 2414 802 2462 genere
836 2399 954 2461 (laic)
999 2400 1109 2448 olor
1143 2399 1443 2449 Mantuanus
1490 2410 1575 2447 aut
1613 2399 1786 2462 spiritu
1823 2399 2021 2462 poetico
2059 2398 2223 2445 minor
2261 2407 2338 2445 est
2372 2408 2479 2459 aut,
2533 2398 2573 2445 si
2610 2398 2786 2462 spiritu

266 2463 418 2527 paulo
455 2462 714 2525 humilior,
768 2464 1024 2514 indoctum
1063 2466 1218 2514 edidit
1270 2483 1499 2525 carmen,
1555 2482 1652 2528 quo
1698 2466 1836 2513 velut
1878 2481 2026 2513 anser
2070 2464 2443 2513 sublimioribus
2497 2465 2785 2513 cantoribus

266 2529 477 2579 cessisse
502 2531 681 2580 merito
717 2530 924 2593 dicatur,
963 2543 1014 2580 ut
1050 2533 1143 2581 sibi
1181 2533 1286 2597 ipse
1312 2532 1580 2581 detrahens
1607 2532 1694 2579 ecl.
1715 2530 1760 2579 X
1797 2534 1859 2579 35
1882 2549 1951 2595 sq.
1992 2532 2245 2595 professus
2273 2540 2371 2579 est:
2407 2532 2560 2579 immo
2586 2549 2784 2596 semper

266 2613 355 2646 ore
403 2613 620 2647 canorus
664 2598 836 2664 suique
880 2599 1054 2649 similis
1100 2599 1193 2649 fuit
1227 2616 1334 2649 nec
1379 2599 1498 2648 artis
1547 2597 1836 2662 dignitatem
1883 2597 2189 2647 iucunditate
2233 2598 2506 2648 carminum
2551 2616 2785 2663 umquam

265 2663 607 2713 dedecoravit.

489 2826 658 2876 Unum
676 2835 833 2876 restat
847 2835 901 2876 ut
921 2844 1168 2888 moneam,
1188 2845 1250 2876 ne
1271 2828 1498 2876 inertiam
1514 2826 1845 2875 Tibullianam
1867 2834 1953 2874 aut
1970 2826 2226 2875 lasciviam
2240 2824 2617 2890 Propertianam
2638 2827 2786 2876 vobis

263 2894 472 2956 putetis,
498 2894 866 2942 commilitones
896 2895 1160 2954 carissimi,
1192 2895 1419 2958 quamvis
1452 2894 1759 2942 suavissimis
1785 2893 2088 2941 carminibus
2108 2892 2461 2940 commendari.
2533 2893 2686 2940 immo
2720 2910 2786 2941 ne

263 2968 439 3024 poetas
456 2958 657 3025 quidem
675 2960 883 3011 iuvenes
901 2969 1075 3010 nostro
1095 2970 1321 3026 tempore
1341 2960 1486 3010 decet
1503 2968 1725 3009 remotos
1743 2977 1772 3007 a
1791 2958 2209 3008 sollicitudinibus
2230 2967 2280 3007 et
2295 2958 2440 3020 curis,
2458 2968 2512 3008 ut
2527 2959 2596 3008 ait
2614 2960 2710 3021 ille,
2732 2959 2782 3008 in

262 3030 473 3073 nem'ora
508 3036 558 3074 et
586 3027 729 3075 lucos
764 3027 1014 3087 secedere,
1051 3028 1234 3075 nedum
1262 3029 1386 3075 alios
1411 3027 1664 3075 Musarum
1691 3028 1920 3074 alumnos
1944 3043 2135 3091 vosque
2160 3026 2468 3090 praesertim,
2505 3027 2588 3090 qui
2621 3043 2780 3091 nuper

261 3092 481 3143 nationis
505 3093 732 3156 inprimis
757 3095 1032 3156 armigerae
1058 3096 1193 3141 cives
1218 3096 1336 3141 facti
1359 3096 1526 3158 ‘grave
1547 3093 1718 3140 Martis
1744 3095 1883 3157 opus’
1909 3110 2013 3140 non
2035 3093 2381 3157 subterfugere
2400 3109 2492 3140 nec
2513 3103 2566 3140 ut
2586 3093 2783 3141 ‘cedant

262 3174 403 3205 arma
436 3160 614 3221 togae,‘
650 3160 761 3218 sed,
810 3160 943 3223 quod
981 3160 1313 3208 Borussorum
1349 3171 1403 3207 ut
1438 3161 1555 3206 olim
1594 3160 1974 3206 Atheniensium
2010 3161 2264 3223 proprium
2304 3169 2401 3217 est,
2456 3159 2654 3206 honesti
2693 3160 2781 3206 ot-ii

263 3222 429 3273 studia
475 3234 526 3274 et
569 3232 702 3274 artes
745 3243 857 3274 cum
905 3227 1109 3274 militiae
1142 3228 1326 3275 robore
1365 3236 1420 3274 ut
1454 3226 1516 3273 ad
1552 3225 1850 3273 firmandam
1888 3237 2033 3289 atque
2070 3224 2352 3290 augendam
2388 3225 2524 3273 domi
2560 3226 2779 3289 forisque

260 3290 451 3355 patriae
472 3291 682 3341 salutem
704 3309 822 3341 vere
847 3293 1040 3341 liberali
1071 3294 1326 3342 consortio
1348 3293 1674 3341 concilientur
1694 3310 1897 3357 operam
1919 3292 2037 3340 dare
2058 3291 2265 3340 debetis.
2311 3291 2366 3350 Q.
2381 3290 2434 3339 B.
2447 3290 2496 3340 F.
2515 3290 2566 3339 F.
2579 3290 2630 3339 F.
2652 3290 2707 3350 Q.
2730 3290 2778 3339 S.
